2980 4722
690 315 720 366 31

146 521 183 586 de
207 517 382 584 voluntatis
401 517 548 583 libertate
578 518 791 599 ingredimur,
821 517 873 582 via
899 519 1010 582 utrum
1037 517 1199 598 probanda
1228 535 1270 581 cn

146 621 304 686 reicienda
326 621 376 698 sit,
399 640 436 684 ex
459 621 504 686 eis
528 621 590 686 erit
611 621 867 697 diiudicandum,
893 637 975 701 quoe
1006 618 1091 684 11111
1112 621 1184 684 tota
1205 621 1265 684 hac

147 724 331 806 quaestione
363 723 541 788 videbimur
573 722 726 788 effecisse.
782 723 900 804 Estque
924 739 960 786 ec
982 739 1056 786 cum
1085 722 1271 786 coniectura

146 826 332 908 probabilis,
352 828 436 892 ¹tum
469 825 660 907 quibusdam
694 825 789 890 etiam
822 824 967 905 vestigiis
1001 842 1038 887 ex
1074 823 1264 906 fragmentis

146 929 438 994 Herculanensibus
461 927 562 992 erutis
585 927 756 992 indicatur.

251 1064 298 1128 Ao
319 1063 458 1145 primum
481 1063 610 1146 quidem
625 1082 664 1128 ne
686 1063 833 1145 pluribus
850 1063 1023 1139 ostendam,
1046 1081 1110 1126 non
1126 1063 1268 1145 potuisse

144 1165 368 1248 philosophum
398 1165 523 1244 docere,
558 1165 681 1248 aliquot
715 1165 829 1228 atomis
860 1163 1041 1228 declinandi
1072 1167 1270 1230 voluntatem

145 1267 245 1331 fuisse
268 1267 422 1344 innatam,
444 1267 618 1345 videamus
634 1267 831 1348 quaeratione
843 1267 1000 1348 Epicurus
1024 1267 1269 1332 declinationem

145 1372 324 1434 atomorum
353 1369 521 1434 defendere
550 1369 719 1434 studuerit.
772 1367 1037 1450 Democritusffl),
1060 1373 1171 1435 auctor
1199 1371 1269 1435 ato-

73 1509 75 1514 ·
146 1489 286 1549 morum,
320 1471 381 1535 duo
404 1474 509 1535 motus
540 1490 657 1552 genere
679 1487 747 1535 esse
770 1473 944 1535 statuerat:
967 1472 1105 1536 alterum
1134 1473 1173 1536 ad
1195 1473 1269 1538 111-

145 1591 251 1636 versas
266 1575 386 1637 atomos
398 1575 571 1655 pertinens,
587 1576 724 1637 alterum
739 1573 777 1636 ed
801 1573 944 1654 singulos
961 1577 1118 1656 spectans.
1148 1575 1269 1641 Prioris

145 1677 250 1739 motus
279 1675 473 1757 principium
501 1675 564 1739 fuit
591 1675 781 1750 necessitas,
815 1676 948 1740 alterius
982 1677 1085 1758 plaga.
1140 1677 1269 1742 Placuit

145 1779 231 1840 enim
252 1778 455 1858 philosopho,
479 1781 599 1842 atomos
629 1778 820 1841 necessitate
843 1781 946 1842 motos
969 1797 1002 1842 se
1023 1797 1114 1860 posse
1137 1781 1269 1861 tangere

144 1879 277 1962 ideoque
300 1880 489 1960 vertiginem
512 1881 647 1944 efficere.
691 1879 848 1960 Epicurus
871 1883 978 1944 autern
1002 1897 1074 1944 eum
1098 1881 1269 1964 intellege-

144 1982 253 2064 ret41),
286 1983 321 2045 in
347 1982 436 2045 inani
470 1983 572 2064 spatio
595 2000 647 2046 eas
670 1982 825 2063 gravitate
849 1982 998 2046 cadentes
1030 2001 1063 2046 se
1093 2003 1157 2047 non
1178 2003 1270 2066 posse

145 2087 286 2166 tangere,
309 2083 364 2148 sed
378 2085 470 2148 nulla
484 2103 517 2149 11
543 2072 713 2150 resistente
735 2103 836 2165 aequa
858 2085 1021 2148 celeritate
1044 2103 1153 2149 omnes
1175 2087 1269 2150 lineis

145 2186 307 2267 parallelis
329 2187 421 2264 terri,
444 2187 576 2252 tertium
598 2189 704 2251 motus
727 2205 827 2268 genus
850 2187 977 2254 induxit
1006 2187 1269 2252 declinationem:

146 2289 221 2352 Lib:
245 2287 362 2352 11216
386 2309 457 2371 sqq:

228 2420 333 2503 „Illud
355 2427 389 2490 11
412 2427 462 2490 his
485 2444 609 2508 queque
632 2427 664 2490 te
686 2427 782 2490 rebus
806 2444 995 2508 cognoscere
1018 2444 1158 2506 avemus,

229 2547 378 2610 „corpora
401 2548 473 2593 cum
496 2529 645 2592 deorsum
667 2531 791 2594 rectum
813 2547 870 2611 per
892 2529 986 2592 inane
1010 2527 1167 2610 feruntur,

229 2633 440 2714 „ponderibus
462 2632 599 2714 propriis
623 2631 743 2696 incerto
767 2634 907 2714 tempore
931 2632 1031 2696 ferme

228 2734 442 2816 „incertisque
464 2733 526 2796 loci
549 2734 661 2814 spatiis
688 2733 842 2798 decellere
864 2735 1006 2816 paulum,
1071 2813 1072 2816 Ἴ

228 2837 375 2912 „tantum
398 2835 481 2916 quod
503 2853 630 2898 momen
652 2837 815 2899 mutatum
835 2835 939 2899 dicere
962 2835 1075 2918 possis.

227 2937 417 3019 „quodnisi
440 2936 598 3000 declinere
622 2939 771 3014 solerent,
794 2937 902 3002 omnio
923 2936 1079 3015 deorsum,
1149 2960 1153 2967 ·

228 3039 358 3118 „imbris
381 3040 430 3103 uti
452 3041 573 3120 guttae,
597 3040 745 3104 caderent
766 3059 822 3124 per
844 3041 939 3104 inane
961 3039 1166 3122 profundum,

226 3161 305 3220 „uec
328 3140 410 3206 foret
432 3141 573 3206 offensus
596 3144 690 3206 natus
713 3161 772 3206 uec
795 3145 890 3226 plaga
911 3145 1017 3207 create

228 3245 428 3328 „principiisz
452 3246 499 3310 ita
520 3245 568 3310 nil
590 3263 742 3327 umquam
764 3247 880 3308 natura
902 3247 1070 3310 creasset.“

142 3382 193 3445 Ad
215 3383 298 3444 hano
321 3382 566 3448 declinationem
588 3382 674 3449 haud
694 3383 760 3446 scio
785 3401 826 3446 en
847 3383 907 3446 hac
928 3381 1170 3446 ratiocinatione
1192 3381 1270 3464 Epi-

142 3503 235 3548 curus
269 3484 384 3548 ductus
419 3485 471 3550 sit.
522 3483 556 3548 Si
589 3503 713 3567 semper
746 3485 912 3566 gravitatis
946 3485 1071 3566 legibus
1109 3484 1270 3548 subiectae

141 3569 239 3650 atomi
261 3605 295 3650 se
317 3586 506 3663 movissent,
536 3605 595 3650 nee
617 3606 650 3650 se
673 3587 857 3668 tetigissent
878 3605 937 3652 nec
959 3587 1115 3652 mundum
1149 3586 1268 3651 efficis·

141 3691 223 3754 sent.
279 3687 360 3752 (ium
393 3707 465 3754 vero
506 3691 683 3755 atomorum
723 3689 931 3754 concursione
963 3689 1101 3754 mundus
1143 3691 1270 3754 creatus

141 3793 244 3866 esset,
272 3791 402 3868 statuit,
431 3809 560 3856 neeesse
591 3810 659 3855 csse
684 3791 837 3872 quasdam
867 3795 990 3858 atomos
1016 3792 1054 3856 de
1075 3790 1271 3856 1111111111

141 3895 320 3964 aberrasse,
337 3893 478 3974 aliasque
511 3893 668 3975 tetigisse.
722 3893 914 3960 Declinandi
947 3897 1053 3960 autem
1082 3894 1173 3958 nulle
1207 3893 1271 3958 alio

243 4135 275 4198 ⁴⁰)
293 4133 465 4186 Mulloehios:
483 4133 626 4184 Democriti
637 4134 777 4184 Abderitae
790 4127 895 4200 operum
907 4133 1058 4198 fragmento.
1081 4149 1124 4198 pg.
1138 4131 1195 4184 381,
1208 4131 1266 4184 382.

244 4217 279 4284 ⁴⁸)
296 4219 422 4272 Hirzclius
441 4219 494 4276 11.
511 4235 554 4285 pg.
576 4219 633 4271 162.
