2980 4722
684 274 714 326 21

136 499 187 544 sae
216 480 412 544 diversorum
441 479 608 544 hominum
635 480 781 544 indolmn
811 479 844 540 61
864 495 987 540 morum
1012 496 1114 559 neque
1138 478 1258 542 extrin-

135 601 227 646 secus
250 583 405 663 impulsae
429 585 675 683 sensmracant.

242 684 350 766 Atque
375 685 473 748 etiam
495 685 623 748 omnino
646 684 731 748 credi
761 684 812 746 vin
840 684 960 765 potest,
988 681 1034 744 ita
1060 685 1120 748 sihi
1150 687 1260 752 adver-

136 789 241 850 satum
265 805 333 852 esse
356 787 591 868 philosophum,
614 789 652 850 ut
676 806 748 850 cum
764 786 895 875 fortuito
911 786 1094 849 atomorum·
1105 806 1262 855 concursu

136 889 242 952 omnia
263 889 333 952 fieri
356 890 468 964 vellet,
503 888 591 954 aliud
613 887 753 965 afferret,
777 887 860 970 quod
883 889 969 952 esset
992 881 1259 980 αἰσθητικόν,

134 991 252 1055 Procul
274 991 359 1054 enim
382 990 478 1054 ouon
502 980 756 1081 αἰσθητικόν
785 991 818 1054 rr
840 991 1014 1071 significat,
1046 992 1130 1074 quoe
1159 995 1260 1058 senu-

134 1095 209 1158 endi
237 1093 300 1156 vim
331 1093 428 1158 habet
460 1093 605 1158 innatam
637 1096 732 1175 atque
762 1093 908 1158 inditam.
961 1095 1022 1178 (uf.
1051 1095 1158 1160 Ritter
1186 1096 1207 1160 l.
1239 1097 1261 1160 l.

135 1196 274 1276 „recidor
291 1192 490 1278 hiandabuog
509 1196 558 1260 oio
576 1193 1042 1281 61161111111111161161111116ηῆεῆ
1067 1195 1259 1280 ostravanto.

136 1305 258 1384 Quodsi
281 1308 395 1388 quarta
415 1323 489 1388 pars
512 1309 597 1370 esset
624 1297 695 1383 „cd
723 1296 1006 1398 dictionaria:
1029 1310 1174 1373 constare
1197 1328 1261 1373 non

133 1420 242 1499 posset
264 1435 301 1481 er
323 1416 448 1494 atomis,
472 1435 551 1498 quas
580 1417 644 1481 nisi
666 1417 846 1499 quantitate
877 1437 914 1482 ex
936 1419 1066 1501 Epicuri
1100 1422 1262 1485 sententia

134 1520 219 1582 inter
240 1538 274 1582 se
296 1537 360 1582 non
382 1518 508 1583 differre
534 1519 715 1603 constare),
739 1539 853 1602 easque
877 1540 974 1586 sensu
996 1541 1061 1585 non
1076 1541 1145 1587 esse
1167 1542 1259 1605 prae-

134 1621 217 1685 ditas
247 1622 285 1686 ut
315 1622 535 1704 comprobaret
558 1623 727 1686 Lucretius
749 1641 883 1699 ,summa
910 1643 1006 1706 opera
1035 1625 1069 1688 in
1098 1626 1162 1690 fine
1185 1627 1260 1690 libri

96 1723 266 1788 wsecundi
292 1723 366 1787 inde
393 1742 411 1786 a
442 1743 537 1788 versu
566 1725 627 1788 865
656 1725 763 1788 enisus
794 1729 855 1790 est:
894 1727 1000 1790 omnia
1032 1747 1112 1809 quae
1140 1731 1260 1794 sentire

133 1826 278 1890 videmus
301 1829 450 1890 constant
472 1845 509 1890 ex
532 1827 645 1890 atomis
669 1845 750 1908 quae
773 1847 836 1890 non
860 1829 1010 1892 sentiant.
1057 1830 1168 1912 Neque
1184 1852 1257 1896 vero

134 1928 291 2008 Epicurus
315 1918 390 2016 τήν
417 1917 565 2021 ψυχήν
587 1949 644 1994 seu
665 1931 932 2011 pertemaliquam
954 1931 1172 2013 incorpoream
1191 1955 1259 2000 esse

135 2039 220 2101 vult:
238 2027 344 2108 ὥσθ’
371 2043 408 2110 οἱ
426 2033 614 2128 λέγοντες
642 2027 870 2130 ἀσώματον
897 2033 998 2110 εἶναι
1017 2031 1096 2134 τήν
1112 2035 1259 2136 ψυχήν

134 2137 442 2238 ματαιάζουσιν.
487 2150 635 2227 Accedit,
663 2151 746 2233 quod
768 2151 939 2216 adversarii
962 2153 1093 2234 Epicuri
1114 2155 1257 2237 philoso-

134 2251 237 2332 phiae,
260 2270 394 2332 quorum
416 2252 547 2316 minime
570 2253 633 2316 fuit
648 2254 784 2336 Epicuro
799 2273 937 2336 parcere,
961 2256 998 2318 de
1014 2257 1074 2320 hac
1088 2275 1121 2320 re
1137 2259 1254 2323 tacent.

135 2353 271 2418 Causam
293 2353 439 2435 equidem
461 2373 526 2418 non
547 2355 653 2431 rideo,
683 2375 740 2420 eur
766 2357 817 2420 illi
839 2357 1063 2438 gravissimum
1092 2359 1254 2424 doctrinae

133 2457 247 2520 vitium
276 2475 340 2520 non
362 2458 588 2539 castigassent,
619 2459 646 2522 si
668 2459 715 2522 ite
736 2459 937 2542 philosophia
958 2461 997 2524 ab
1021 2461 1159 2543 Epicuro
1182 2482 1257 2545 pro·

134 2559 219 2623 fecta
241 2561 334 2624 esset.

242 2661 361 2740 Quodsi
383 2663 606 2744 philosophum
638 2663 718 2726 hene
742 2664 803 2726 sibi
833 2665 1015 2728 constitisse
1039 2668 1164 2731 credere
1187 2686 1255 2731 ma-

134 2765 250 2839 lumus,
274 2763 378 2826 facere
400 2782 465 2826 non
486 2783 665 2844 possumus,
689 2765 768 2846 quin
790 2765 874 2828 nihil
897 2766 996 2830 fuisse
1013 2768 1208 2832 affirmemus
1224 2771 1257 2832 in

133 2865 264 2947 Epicuri
278 2865 430 2947 physicis,
454 2866 538 2947 quod
552 2867 637 2930 recte
654 2866 716 2930 dici
731 2869 838 2947 posset
862 2868 1127 2967 αἰσθητικόν.
1172 2875 1255 2947 Quo-

132 2968 225 3031 modo
254 2970 362 3032 autem
392 2969 487 3033 rebus
511 2987 591 3050 quae
613 2987 669 3050 per
692 2988 725 3032 se
748 2969 867 3034 sentire
889 2989 953 3033 non
975 2975 1120 3052 possunt,
1143 2993 1255 3038 sensus

133 3070 223 3151 gigni
248 3070 364 3152 possit,
392 3089 542 3154 quaerere
571 3073 716 3135 nostrum
746 3091 809 3134 non
837 3075 899 3135 est:
937 3073 986 3136 illi
1022 3073 1165 3152 videant,
1200 3077 1264 3158 qui

132 3172 264 3254 Epicuri
286 3192 389 3254 nugas
414 3174 535 3255 aliquid
559 3191 627 3264 esse
652 3173 896 3256 existiment!³⁰)

183 3274 196 3314 's
238 3275 305 3338 lam
335 3277 494 3358 reliquum
524 3279 589 3353 est,
624 3279 662 3340 ut
699 3277 738 3340 ad
767 3277 933 3342 Plutarchi
957 3277 1148 3360 Stobaeique
1170 3280 1255 3344 locos

123 3375 352 3440 ¹memorabiles
386 3379 580 3443 accedamus.
639 3379 687 3442 De
719 3379 770 3443 his
804 3380 994 3463 exposituris
1029 3384 1124 3463 paulo
1157 3382 1254 3446 altius

133 3477 224 3541 nobis
245 3479 454 3560 repetendum
470 3499 538 3544 esse
560 3481 695 3546 videtur.
739 3482 948 3563 Florilegium
963 3483 1053 3561 illud,
1076 3485 1159 3566 quod
1174 3483 1253 3547 Plu·

134 3581 235 3643 tarchi
257 3581 385 3644 nomine
409 3582 630 3648 fraudulenter
652 3587 800 3648 ornatum
823 3587 885 3661 est,
916 3583 1105 3666 Stobaeique
1129 3587 1253 3666 eclogas

133 3682 199 3745 fere
233 3683 351 3764 ubique
385 3684 425 3747 ad
457 3686 588 3749 verbum
623 3687 816 3763 consentire,
850 3687 935 3750 inter
962 3707 1069 3751 omnes
1097 3689 1244 3752 constitit

132 3785 216 3866 unde
239 3786 349 3848 eutem
371 3786 553 3852 hausissent
575 3789 797 3870 epitomatores
827 3792 860 3852 61
882 3807 961 3870 quae
988 3791 1069 3854 ratio
1091 3791 1176 3853 inter
1198 3809 1251 3854 ex-

132 3973 334 3984 ...—.—

234 4108 265 4168 ²⁹)
284 4110 360 4175 Diog.
379 4111 464 4162 Loert.
483 4111 509 4160 X
527 4113 569 4163 44.
589 4113 630 4165 sl.

189 4259 200 4293 ν
234 4193 265 4258 ³⁰)
284 4195 381 4262 Longe.
416 4200 433 4249 l.
452 4200 469 4250 l.
487 4214 528 4264 pg.
547 4201 588 4252 50,
