2980 4722
771 335 806 390 28

336 540 569 606 Steinhartius:
615 543 757 626 ,Epikur
779 546 854 626 boile
870 544 936 610 obet
958 542 1061 624 bloiet
1076 541 1144 623 cod)
1167 541 1248 610 tinen
1269 543 1348 622 pue

230 642 329 722 tiebat
351 643 458 724 amoc:
497 663 525 710 er
554 645 650 712 noble
679 645 747 726 arrd>
774 645 813 712 ivn
837 645 922 730 secla
952 650 998 712 ter
1019 645 1122 714 atomo
1150 645 1195 712 eia
1217 645 1349 713 diemout

229 749 275 814 brt
297 745 419 826 &relisit
452 751 511 814 slot
546 751 592 814 brt
621 747 743 816 aslum
772 767 810 816 oro
840 748 935 816 &tritt
969 753 1019 816 tob
1050 747 1176 830 deicere
1210 753 1269 816 urit
1303 753 1349 816 ber

228 847 568 935 ilotutcclbnmbiqtrit
590 850 685 934 lesco,
718 851 761 918 tie
784 852 843 934 ibm
865 853 974 920 niteret
998 851 1043 920 eia
1066 851 1181 920 bricci
1203 867 1266 920 mor
1289 857 1348 919 nub

227 950 348 1035 ppulo
365 951 424 1018 ciac
441 952 545 1038 [taliub
562 954 621 1037 febr
636 955 711 1038 robe,
737 955 899 1040 briletucq
918 955 1065 1036 strivelin
1082 954 1348 1040 tetenececequoq

229 1058 274 1121 bet
298 1054 1027 1142 [eieatendbeimuanuleelbetissibeotireibeit
1042 1059 1160 1144 gebenl
1184 1057 1249 1140 (pg.
1262 1058 1348 1139 474.)

282 1239 284 1245 Ι
335 1159 575 1240 Uebervegius:
623 1159 687 1236 ,br
715 1161 772 1244 titt
801 1160 862 1244 olio
893 1161 1028 1246 trejeniqe
1056 1159 1111 1226 alu
1139 1175 1198 1228 tou
1227 1159 1348 1241 breibeit

230 1262 311 1335 (obet
333 1260 470 1344 obcludo
486 1261 635 1342 micat),
660 1263 703 1330 tic
726 1282 753 1329 er
776 1267 836 1330 tom
858 1263 1052 1349 moolqiidom
1068 1261 1176 1330 ibides
1191 1263 1348 1348 guicbreibt,

230 1361 457 1447 geuiilrruoteo
481 1367 561 1448 idion
583 1369 614 1435 bi
637 1368 680 1434 bie
701 1369 805 1436 birote
828 1367 934 1452 biurio.
946 1376 958 1404 ¹¹
993 1367 1058 1451 (pg.
1082 1365 1168 1449 208.)

337 1469 455 1534 Zeller:
501 1470 606 1552 „ilicis
621 1470 773 1551 donobrio
796 1471 883 1553 [bion
906 1470 965 1550 ibor
989 1470 1057 1550 cred)
1074 1467 1193 1550 beebolb
1216 1468 1349 1550 ancilib

229 1569 295 1651 lid),
325 1571 392 1638 loeti
422 1571 465 1636 tie
486 1571 608 1651 &tribuit
638 1576 687 1638 tob
715 1572 909 1654 mcuiqliobm
938 1571 1067 1638 {bidens
1096 1571 1169 1651 niort
1197 1589 1231 1653 pr
1260 1577 1348 1636 setim

226 1673 318 1752 voire,
353 1688 438 1741 uena
470 1675 543 1740 oflee
567 1679 628 1740 tero
651 1674 743 1756 dicire
768 1677 813 1740 tet
836 1671 973 1753 &diocte
996 1671 1155 1756 [bitalbis
1178 1669 1266 1755 fulgo
1288 1675 1347 1736 unt

228 1783 286 1840 oue
310 1777 370 1841 tom
393 1775 513 1861 gleidpea
537 1775 659 1844 deuote
685 1776 763 1858 [oble
785 1777 844 1855 icoc
861 1775 1053 1859 ilbertidpmq
1076 1773 1154 1855 letti
1177 1789 1236 1840 eon
1259 1771 1347 1839 itiner

227 1877 577 1962 ilotunmttlomthleit,
608 1879 728 1960 [cubeta
757 1878 818 1946 ren
846 1896 904 1945 bon
935 1880 980 1943 bet
1003 1875 1177 1957 nomiliam
1201 1874 1347 1956 &ethites

228 1980 381 2065 [timmunq
405 1984 450 2046 bct
472 1981 577 2048 bieme
599 1983 783 2064 bettbbren.“
824 1989 890 2064 (pg.
913 1982 1000 2064 408.)

335 2084 521 2148 Reisaclrer:
566 2085 767 2162 „Voluntarii
790 2089 896 2150 autem
919 2087 1028 2159 motus
1048 2101 1177 2148 causam
1192 2083 1348 2164 Epicurus

227 2207 291 2252 non
306 2188 431 2269 poterat
446 2206 509 2251 non
525 2188 559 2251 in
579 2189 658 2270 ipsis
673 2189 787 2253 atomis
809 2207 980 2269 earumque
995 2185 1135 2251 motibus
1149 2187 1348 2266 intellegere.

227 2289 326 2370 quue
348 2289 461 2370 probat
483 2291 660 2368 Lucretiae,
690 2292 745 2372 qui
768 2291 966 2371 argumentis
989 2291 1027 2354 ab
1051 2289 1268 2354 animantibus
1291 2307 1346 2370 pe-

229 2392 298 2455 titis
321 2394 498 2455 atomorum
520 2391 742 2457 declinationis
766 2411 895 2456 causam
917 2391 1061 2456 defendit
1088 2393 1120 2454 et
1142 2392 1188 2456 ita
1210 2391 1347 2472 quidem,

227 2494 331 2558 uthis
345 2494 469 2576 pondus
484 2495 657 2558 maximum
673 2495 823 2560 tribuisse
839 2495 1012 2561 videatur.“
1045 2492 1189 2574 (Quaest.
1205 2494 1346 2557 Luerett.

227 2615 280 2678 pg.
303 2597 367 2677 28.)
412 2596 517 2673 „Fieri
539 2597 645 2660 omnic
667 2597 748 2662 dixit
768 2601 901 2662 natiuae
916 2596 1056 2660 motibus
1078 2596 1180 2659 caecis
1203 2597 1235 2660 et
1256 2596 1348 2677 quasi

227 2698 430 2775 voluntariis
463 2717 541 2780 quos
568 2702 674 2764 motus
708 2719 744 2764 ex
772 2700 985 2764 animantium
1013 2698 1181 2780 praecipue
1213 2700 1347 2764 naturae

227 2801 360 2866 libidine
382 2800 510 2866 videtur
532 2801 729 2867 deduxisse.“
774 2803 919 2884 (Epicuri
943 2804 1017 2866 cett,
1040 2821 1092 2882 pg.
1117 2801 1180 2882 14.)

332 2904 424 2968 Hanc
440 2907 548 2969 autem
563 2905 749 2982 doctrinam,
772 2905 806 2968 ni
821 2905 927 2968 omnia
941 2923 991 2968 me
1007 2903 1133 2979 fallunt,
1157 2903 1195 2966 ab
1211 2903 1347 2984 Epicuro

107 3089 110 3096 Ι
227 3025 291 3069 non
314 3025 383 3072 esse
405 3006 593 3088 profectam,
621 3007 699 3070 setis
719 3007 934 3088 probabilibus
964 3005 1161 3085 argumentis
1184 3022 1234 3066 me
1255 3021 1347 3082 posse

228 3109 393 3172 ostendere
416 3108 547 3172 conlido.
596 3107 757 3190 Imprimis
787 3109 871 3172 enim
902 3108 1221 3194 quaeritur,.omnes
1250 3103 1347 3166 atomi

228 3210 266 3273 de
289 3210 340 3273 vie
361 3211 600 3287 declinaverint,
623 3229 664 3275 an
686 3229 759 3293 pers
783 3213 849 3274 sole
871 3207 1073 3273 aberraverit.
1124 3206 1204 3270 Cum
1227 3207 1265 3269 de
1287 3206 1347 3268 hac

229 3331 262 3377 re
286 3313 454 3376 Lucretius
478 3313 601 3377 curiose
623 3333 687 3378 non
702 3313 889 3396 exposuerit,
913 3309 967 3373 sed
989 3308 1175 3374 summatim
1197 3308 1235 3372 de
1256 3308 1346 3390 prin·

228 3416 383 3497 cipiorum
411 3415 623 3479 declinatione
645 3414 849 3490 disseruerit,
880 3431 896 3476 e
920 3413 1070 3476 contextu
1100 3412 1191 3492 sequi
1211 3411 1347 3487 videtur,

228 3519 261 3582 id
283 3517 367 3599 quod
388 3519 474 3582 recte
497 3517 673 3582 observavit
696 3513 833 3594 Woltjer
855 3515 921 3596 (pg.
943 3514 1009 3597 38),
1032 3531 1141 3578 omnes
1164 3516 1285 3578 atomos
1309 3514 1346 3578 de

227 3623 315 3685 recte
335 3621 422 3684 linea
437 3621 607 3684 aberrasse.
652 3619 696 3684 At
711 3618 739 3682 si
754 3635 862 3682 omnes
878 3617 976 3681 atomi
991 3617 1215 3693 declinassent,
1238 3634 1347 3680 earum

228 3741 401 3786 concursus
424 3723 555 3786 minime
578 3723 694 3786 luisset
715 3721 924 3784 necessarius.
968 3718 1091 3802 (Cicero
1114 3719 1152 3782 de
1173 3718 1258 3782 finl
1281 3718 1346 3800 20.)

228 3824 358 3888 Accedit
386 3825 450 3888 alia
475 3843 571 3888 causa
596 3843 659 3906 que
687 3823 857 3906 impedior,
891 3821 1061 3904 quominus
1091 3839 1199 3884 omnes
1226 3823 1346 3884 atomos

229 3927 389 3991 aberrasse
418 3927 553 3991 credam.
598 3927 725 3992 Etenim
755 3927 782 3989 si
810 3926 967 4008 quotquot
995 3923 1128 3988 fuerunt
1158 3923 1256 3986 atomi
1283 3941 1347 3985 non

228 4029 313 4092 linea
333 4031 438 4106 recta,
469 4029 523 4093 sed
546 4029 675 4112 obliqua
697 4047 765 4094 sese
788 4029 975 4104 movissent,
1005 4029 1110 4090 motus
1137 4025 1192 4107 qui
1219 4025 1347 4106 obliqua

228 4131 314 4194 linea
335 4132 388 4208 fit,
423 4132 557 4196 sirecte
580 4133 702 4210 iudico,
731 4135 864 4198 iraturee
891 4131 1017 4213 legibus
1045 4129 1234 4196 conveniens
1263 4130 1347 4192 esset

228 4251 331 4315 neque
359 4252 433 4298 vero
463 4237 568 4300 motus
599 4236 654 4318 qui
680 4238 767 4300 recta
787 4235 825 4300 fit
847 4235 940 4300 linea.
990 4233 1101 4314 Neque
1123 4233 1183 4296 hac
1204 4230 1347 4296 omnium
