2980 4722
676 339 707 390 19

132 547 214 625 erui,
245 565 340 628 quam
362 545 586 626 philosophum
609 542 776 620 statuisse,
806 544 952 622 quartam
982 540 1105 621 partem
1127 538 1251 602 animae

132 649 318 730 vulgaribus
341 647 478 728 eorporis
501 647 664 723 sensibus,
693 645 878 727 quiessent
910 639 955 712 ἐν
982 643 1068 725 τοϊς
1096 662 1252 710 πεπον-

133 742 236 822 θόσι
264 741 408 832 τόποις
429 767 494 814 non
517 749 645 812 moveri.
690 747 801 829 Neque
827 765 899 812 vero
915 745 999 808 idem
1020 745 1113 806 homo
1129 743 1250 821 doetus,

133 871 206 917 eum
227 853 409 916 Reisaoheri
439 851 734 932 interpretationem
763 869 826 914 non
857 847 1052 931 probandam
1079 863 1147 910 esse
1180 864 1252 926 per-

133 955 285 1036 spioeret,
315 954 395 1018 mihi
417 953 523 1035 potuit
550 953 738 1034 persuadere
761 953 868 1016 looum
890 951 997 1034 ipsum
1020 966 1088 1012 esse
1116 947 1253 1012 subditi·

133 1057 228 1122 oium.
272 1056 323 1120 Ad
346 1056 418 1120 illos
441 1055 525 1119 enim
541 1055 680 1138 eorporis
704 1073 816 1120 sensns
831 1052 1041 1137 proereandos
1061 1069 1115 1114 eae
1131 1050 1255 1114 animae

133 1159 333 1224 substantiae
363 1159 413 1222 sat
440 1161 517 1222 sunt
544 1159 765 1240 praeparatae,
794 1175 874 1239 quae
904 1157 939 1220 in
965 1153 1089 1219 affeotis
1110 1153 1255 1237 partibus

134 1263 255 1326 insunt.
302 1261 393 1340 Quod
416 1279 490 1324 oum
512 1261 559 1324 ita
581 1261 636 1338 sit,
660 1261 694 1324 in
716 1261 820 1324 verbis
845 1247 894 1330 τό
912 1247 990 1349 yde
1010 1247 1256 1348 ἡγεμονικόν

136 1355 299 1448 ἀπαθές
325 1364 416 1426 nulla
438 1362 586 1426 offensio!
633 1363 769 1426 Omnino
793 1364 900 1426 autem
923 1377 1047 1424 summa
1062 1360 1169 1441 quiete
1192 1359 1257 1423 frui

135 1468 249 1546 quarta
269 1483 343 1546 pars
365 1484 429 1528 non
448 1465 582 1542 dieitur,
602 1465 718 1547 quippe
742 1483 822 1546 quae
844 1465 1036 1546 peroellatur
1058 1462 1256 1526 tenuissimis

136 1567 326 1644 simulatris,
343 1585 433 1659 ¹quae
454 1586 512 1693 per
534 1586 605 1631 rara
627 1567 765 1649 eorporis
788 1569 958 1648 penetrant
980 1567 1088 1643 „intus
1111 1583 1256 1629 sensum·

136 1689 195 1752 que
226 1671 416 1734 laoessunt“.
470 1670 516 1734 De
545 1670 596 1734 his
625 1673 732 1734 autem
760 1670 859 1734 animi
889 1669 1035 1733 sensibus
1065 1669 1255 1733 Plutarohus

136 1791 196 1836 seu
219 1773 301 1836 alius
331 1773 417 1854 quis,
448 1773 503 1854 qui
530 1773 679 1854 florilegii
701 1774 812 1836 auotor
839 1774 974 1836 estnon
1003 1771 1164 1835 disseruit.

242 1909 376 1972 Parvola
390 1909 572 1972 litterarum
596 1909 771 1972 mutatione
784 1908 927 1972 Lueretii
949 1907 987 1970 de
1011 1910 1141 1989 quartae
1155 1907 1256 1987 partis

137 2012 259 2075 animae
297 2013 412 2073 natura
444 2009 620 2074 doetrinam
656 2010 702 2073 ita
723 2011 943 2086 restituimus,
980 2012 1018 2074 ut
1051 2027 1130 2091 quae
1166 2011 1260 2072 antea

136 2113 305 2194 permultis
321 2113 484 2176 laborabat
497 2113 742 2176 difficultatibus
758 2113 928 2195 descriptio
944 2113 1063 2193 optime
1079 2111 1260 2175 decurreret

137 2234 240 2296 neque
274 2214 446 2296 quidquam
482 2215 664 2296 praeberet,
698 2215 732 2278 in
765 2234 826 2296 quo
862 2215 933 2297 quis
955 2215 1063 2296 posset
1090 2215 1257 2277 haesitare.

139 2317 227 2396 Quae
257 2317 423 2398 hueusque
456 2317 639 2396 attulimus,
674 2318 701 2381 si
729 2323 815 2382 reete
838 2317 970 2381 anobis
992 2317 1260 2398 suntdisputata,

138 2421 316 2500 congruant
345 2437 418 2482 oum
446 2419 491 2484 eis
514 2439 642 2484 neeesse
674 2423 723 2484 est
745 2439 825 2502 quae
853 2420 890 2484 de
919 2419 1049 2502 Epiouri
1075 2419 1176 2500 ipsius
1204 2419 1259 2482 do·

139 2523 242 2586 etrina
270 2523 387 2586 tradita
409 2525 501 2600 sunt,
525 2542 598 2586 omn
621 2523 789 2587 Lueretius
811 2523 1017 2588 fidelissimus
1041 2521 1187 2604 magistri
1207 2523 1259 2586 in-

138 2627 260 2706 terpres
284 2625 450 2689 exstiterit.
495 2625 667 2688 Videamus
683 2625 792 2706 igitur,
809 2645 886 2690 num
909 2625 986 2707 quid
1008 2628 1161 2702 oeourrat,
1178 2625 1261 2706 quod

140 2729 281 2790 nostram
305 2727 547 2807 explicationem
569 2728 700 2791 refutet.
753 2727 801 2790 Ae
829 2729 968 2810 primum
996 2727 1124 2808 quidem
1146 2745 1261 2808 magno

141 2846 233 2908 opere
262 2827 432 2890 dolendum
466 2831 532 2904 est,
561 2829 644 2910 quod
670 2831 890 2892 sexcentorum
920 2829 1111 2910 seriptorum
1133 2829 1262 2910 Epicuri

142 2947 259 3010 paneae
281 2928 481 3012 reliquiaew)
511 2948 590 3012 quae
614 2933 751 2995 aetatem
773 2932 920 2994 tulerunt
941 2931 1024 2994 nihil
1047 2931 1085 2994 de
1106 2931 1165 2994 hae
1188 2931 1261 2995 doe-

140 3032 243 3096 trinae
266 3035 355 3113 parte
379 3033 548 3097 exhibeant
570 3037 821 3116 quaerentesque
844 3053 901 3098 nos
924 3033 1051 3098 omnino
1075 3033 1261 3099 destituant.

140 3134 220 3198 Prae
243 3134 357 3198 esteris
381 3136 573 3214 auctoribus,
597 3137 652 3218 qui
675 3137 713 3200 de
736 3137 804 3202 eius
827 3137 1029 3219 philosophia
1055 3137 1264 3218 seripserunt,

141 3236 277 3316 Diogeni
312 3236 438 3302 Laertio
470 3238 548 3303 fides
571 3239 716 3304 habenda
745 3241 816 3316 est,
833 3240 888 3322 qui
910 3241 1098 3322 plerumque
1122 3239 1263 3320 genuina

141 3339 321 3418 philosophi
357 3341 452 3404 verba
484 3342 653 3406 memoriae
687 3341 829 3406 tradidit.
890 3341 1002 3423 Itaque
1043 3341 1128 3404 haud
1170 3341 1263 3406 faeile

143 3438 315 3520 quidquam
350 3443 433 3522 apud
466 3463 538 3506 eum
571 3445 747 3522 inveneris,
778 3463 842 3526 quo
866 3444 1040 3508 deformata
1070 3444 1113 3508 sit
1135 3444 1264 3526 Epicuri

143 3539 295 3605 doetrina.
346 3541 446 3605 Immo
469 3563 594 3608 summa
620 3565 694 3611 eum
716 3547 886 3628 diligentia
908 3565 943 3610 ae
965 3547 1027 3610 fide
1050 3547 1174 3610 sineere
1195 3565 1262 3610 ma·

143 3643 236 3723 gistri
263 3644 381 3724 plaeita
403 3645 444 3724 ab
465 3649 656 3714 asseclarum
679 3649 903 3713 additamentis
926 3649 1083 3712 distinxit.
1135 3653 1180 3712 lla
1207 3667 1263 3712 au-

100 3753 102 3760 ‘
144 3748 208 3808 tem
232 3763 312 3827 quae
335 3747 419 3828 apud
430 3747 605 3830 Diogenem
622 3752 661 3814 ad
675 3753 757 3815 hano
773 3751 993 3832 quaestionem
1003 3751 1116 3816 referri
1130 3756 1266 3834 possunt

144 3959 349 3974 ————.---.„

245 4090 276 4152 aa.
294 4091 398 4156 Epicuri
415 4089 557 4156 {tegmenta
581 4093 702 4144 librorum
721 4091 741 4144 ΙΙ
766 4100 792 4144 et
808 4094 844 4147 Xl
870 4097 903 4145 de
929 4099 1022 4146 natura
1044 4097 1070 4144 in
1094 4097 1265 4146 voluminibus

145 4177 297 4239 papyraceis
316 4191 347 4226 ex
365 4177 511 4227 Herouleno
530 4179 606 4228 erutis
623 4185 728 4244 reperta.
765 4180 884 4232 Orelliue.
920 4181 1023 4248 Lipsiae
1043 4179 1116 4233 1818.

247 4258 313 4313 ‘dieue
331 4259 481 4328 ditutbssbdt
500 4263 618 4330 Epikurs.
654 4265 703 4316 Th.
719 4267 855 4334 Gompera.
890 4267 966 4318 Wien
985 4265 1060 4319 1876.

1079 4351 1112 4404 ρ*
