2980 4722
711 299 743 347 31

252 505 502 586 „quadratasque
525 505 636 586 procul
657 505 756 568 torris
778 524 850 568 cum
875 505 1034 568 cernimus
1057 505 1156 582 urbis,

251 610 436 689 „propterea
457 609 496 670 fit
515 607 564 671 uti
587 607 755 671 videantur
777 625 869 689 saepe
892 608 1057 683 rotundae,

252 711 408 791 „angulus
430 712 563 792 optusus
586 710 661 792 quia
683 711 776 791 longe
799 711 941 775 cernitur
963 711 1082 786 omnis,

250 813 335 888 „sive
358 813 455 877 etiam
477 813 584 893 potins
607 831 671 876 non
694 813 837 877 cernitur
860 832 896 876 ac
917 814 1001 894 perit
1022 813 1091 876 eins

253 917 367 997 „plaga
388 933 447 979 neo
470 915 509 978 ad
531 917 655 978 nostras
679 915 762 978 acies
784 916 961 997 perlabitur
982 915 1076 992 ictus,

251 1037 344 1094 „aera
366 1037 421 1099 per
443 1019 581 1081 multum
605 1018 680 1100 quia
701 1018 778 1082 dum
801 1018 974 1082 simulacra
995 1019 1159 1095 feruntur,

252 1120 359 1201 „cogit
380 1120 549 1184 hebescere
572 1139 645 1184 eum
668 1121 787 1185 crebris
810 1120 983 1185 offensibus
1007 1139 1068 1184 aer.

251 1223 330 1299 „hoc
353 1222 408 1286 ubi
431 1222 566 1303 suffugit
588 1241 716 1286 sensum
740 1223 838 1287 simul
861 1223 999 1304 angulus
1022 1222 1134 1300 omnis,
1188 1273 1192 1282 ,

251 1325 308 1403 „fit
331 1325 422 1408 quasi
444 1328 482 1389 ut
504 1325 542 1389 ad
565 1328 694 1389 tornum
717 1344 863 1389 saxorum
886 1327 1009 1389 structa
1031 1329 1172 1401 tuamen

251 1409 335 1504 „non
358 1429 465 1492 tannen
487 1431 524 1492 ut
546 1445 651 1491 coram
674 1447 754 1509 quae
778 1430 856 1492 sunt
877 1446 1015 1510 vereque
1037 1428 1187 1505 rutunda,

251 1531 326 1606 „sed
348 1531 440 1612 quasi
462 1530 676 1594 adumbratim
698 1531 831 1612 paulum
854 1531 1006 1594 simulata
1027 1530 1205 1595 videntur.“
1260 1595 1277 1622 ν

166 1633 209 1696 Ex
243 1634 302 1696 hoc
331 1633 473 1714 exemplo
501 1651 692 1715 quamquam
723 1632 863 1697 dilucide
891 1635 1038 1714 apparet,
1068 1635 1176 1697 oculos
1207 1634 1286 1711 falli,

165 1755 238 1798 curu
254 1735 432 1806 simulacra
454 1735 493 1799 ad
515 1735 598 1799 acies
621 1734 766 1799 ferantur
788 1735 977 1799 obtruncata
999 1735 1108 1816 aisque
1127 1755 1192 1799 non
1213 1756 1287 1801 vera

166 1837 263 1901 turris
286 1838 390 1918 imago
413 1839 575 1918 infigatur,
600 1837 768 1900 Lucretius
784 1839 910 1900 tentum
926 1837 1025 1914 abest,
1048 1840 1086 1901 ut
1106 1838 1189 1901 hano
1212 1859 1285 1903 sen·

165 1941 298 2004 tentiam
322 1939 518 2021 comprobari
540 1939 628 2015 velit,
652 1948 686 2002 ut
708 1939 771 2002 alio
794 1939 937 2021 exemplo
953 1939 1141 2020 interposito
1156 1943 1285 2022 pergat:

165 2061 243 2119 „nec
265 2044 373 2122 tamen
396 2043 449 2106 hic
471 2043 579 2105 oculos
601 2041 671 2104 falli
694 2041 896 2105 concedimus
919 2041 1052 2105 hilum.“

249 2161 412 2242 Quomodo
436 2163 494 2226 1111
517 2179 590 2224 eum
613 2164 680 2224 tota
702 2161 847 2224 doctrina
869 2165 1038 2243 congruat,
1069 2161 1125 2225 alii
1147 2162 1286 2228 viderint

165 2265 220 2346 qui
244 2264 428 2328 Lucretium
451 2264 675 2346 philosophum
699 2263 932 2327 versificantem
954 2263 1103 2328 laudibus
1126 2265 1285 2330 celebrare

167 2385 230 2430 non
256 2367 426 2430 desistunt.

274 2469 335 2534 Sed
357 2472 395 2533 ut
416 2469 525 2534 redeat
547 2468 647 2532 oratio
670 2469 754 2532 unde
778 2468 914 2545 deflexit,
938 2468 984 2532 eis
1007 2486 1088 2550 qnae
1110 2469 1284 2534 (111111111-

165 2573 348 2654 pationibus
379 2571 587 2635 disseruimus
616 2570 849 2635 demonstrasse
879 2571 971 2635 nobis
1000 2571 1158 2649 videmur,
1186 2570 1284 2665 πρό-

166 2673 291 2765 ληψιν
318 2675 356 2737 ab
380 2674 515 2754 Epicuro
538 2674 572 2736 iu
587 2673 819 2754 philosophiam
835 2673 1000 2737 inductam
1022 2691 1090 2738 esse
1106 2673 1145 2737 ad
1161 2677 1284 2741 tenuis-

166 2775 246 2839 sima
268 2794 305 2839 ea
327 2776 506 2850 simulacra,
523 2793 664 2856 qnorum
686 2773 868 2866 incursione
897 2775 1089 2856 cogitamus,
1120 2777 1286 2842 excitanda

166 2881 260 2960 atque
290 2877 481 2942 conferenda
509 2895 612 2957 neque
641 2875 813 2957 quidquam
844 2876 1088 2958 anticipationes
1118 2879 1222 2942 valere
1246 2881 1285 2944 ad

165 2999 218 3044 eas
240 2981 369 3062 figuras,
392 2997 472 3063 quae
495 2979 602 3043 oculos
626 2981 810 3060 ceterosque
833 2995 946 3042 sensus
961 2980 1133 3046 lacessunt.
1177 2980 1283 3062 Atque

164 3085 242 3147 haee
263 3087 446 3147 nostrarum
469 3080 700 3163 cogitationum
721 3099 836 3164 parens
859 3081 1126 3164 gubernatrixque
1154 3083 1284 3150 maximi

164 3190 214 3250 est
235 3187 389 3250 momenti
422 3187 461 3250 ad
494 3185 676 3250 libertatem
703 3183 877 3248 veluntatis
911 3183 1150 3252 defendendam.
1207 3185 1283 3250 Sine

163 3290 231 3352 ulla
258 3290 343 3354 enirn
366 3289 564 3352 dubitatione
588 3285 856 3364 confirmaverim,
885 3287 1083 3350 voluntatem
1106 3288 1282 3370 1111111111-

163 3409 289 3454 reorum
313 3391 473 3454 sententia
494 3409 558 3453 non
582 3407 661 3465 esse,
684 3391 721 3452 ut
742 3388 789 3452 ita
811 3388 923 3464 dicam,
946 3407 1075 3452 oausam
1089 3389 1283 3471 primariam,

164 3492 219 3556 sed
249 3492 466 3556 secundariam
496 3509 627 3572 eamque
657 3509 694 3554 111
721 3490 870 3572 cogitatis
900 3491 993 3568 oriri,
1023 3492 1055 3555 id
1085 3491 1168 3575 qnod
1197 3492 1281 3555 Leh-

163 3614 299 3660 mannns
332 3596 366 3659 in
399 3593 633 3658 dissertationis
667 3593 770 3674 eapite
804 3594 903 3657 altero
936 3593 1062 3658 videtur
1094 3594 1282 3678 neglexisse.

165 3697 232 3762 tio.
255 3697 299 3760 IV
322 3698 382 3762 881
408 3716 493 3779 sqq:

249 3801 337 3878 „dico
361 3799 466 3863 animo
488 3801 596 3864 nostro
617 3799 757 3881 primum
780 3799 951 3862 simulacra
973 3798 1099 3862 meandi

248 3901 410 3982 „accidere
433 3904 528 3984 atque
552 3902 693 3966 animum
715 3903 853 3984 pulsare,
875 3902 914 3964 ut
935 3899 1071 3966 diximus
1095 3903 1179 3964 ante.

248 4005 341 4083 „inde
364 4005 513 4069 voluntas
535 4005 586 4068 fit:
609 4023 712 4086 neque
736 4003 821 4068 enim
844 4004 947 4068 lacere
970 4003 1084 4084 incipit
1105 4003 1206 4067 ullam

248 4127 334 4184 „rem
357 4107 535 4189 quisquam,
558 4125 651 4189 quam
675 4125 765 4170 mens
786 4106 926 4189 providit
947 4105 1023 4186 quid
1044 4105 1124 4170 velit
1145 4107 1229 4169 aute.

249 4211 301 4288 „id
323 4211 406 4294 quod
428 4210 587 4293 providet,
616 4209 706 4274 illius
728 4211 775 4274 rei
797 4210 922 4274 constat
943 4209 1077 4290 imago.“
