2980 4722
700 293 750 348 ab·

155 505 332 568 atomorum
348 501 559 567 declinatione
575 501 635 566 fati
649 501 776 567 foedera
789 503 885 584 rupta
900 503 1017 578 essent,
1039 500 1123 583 quod
1147 500 1276 584 quidem

154 623 192 670 ea
221 606 342 669 factum
371 623 439 669 esse
462 605 631 669 Lucretius
665 606 766 669 docet.
817 603 1017 685 Quapropter
1049 607 1172 684 partem
1194 607 1275 668 ‘ato-

154 727 279 772 morum
302 726 319 771 a
339 709 427 771 recta
441 707 528 771 linea
542 707 699 788 Epicurus
715 707 830 771 statuit
848 706 1052 784 aberravisse,
1075 707 1159 788 quod
1174 727 1276 771 unum

154 827 343 874 concursum
372 809 499 874 efficere
527 810 642 890 potuit.
695 808 846 890 (Woltjer
867 809 889 874 1.
913 809 934 872 1.
955 808 1022 890 38.)
1075 807 1143 872 Iam
1170 812 1207 873 ut
1235 810 1273 874 de

154 913 334 976 declinandi
356 913 521 975 voluntate
544 929 748 992 quaeramus,
778 912 812 974 in
839 911 986 975 omnibus
1016 911 1130 974 atomis
1153 929 1191 974 ea
1212 912 1276 976 luit

152 1033 193 1078 an
215 1015 250 1078 in
278 1015 324 1078 eis
355 1013 432 1076 solis
464 1031 544 1094 quae
567 1013 793 1078 declinarunt?
846 1011 998 1076 Omnium
1028 1013 1106 1076 haec
1127 1013 1275 1078 voluntas

150 1117 279 1198 propria
323 1134 391 1180 esse
428 1134 493 1179 non
527 1116 646 1198 potuit,
686 1133 887 1198 nequaquam
926 1115 1011 1178 enim
1055 1115 1173 1192 elucet,
1217 1133 1275 1181 our

151 1237 217 1281 non
246 1236 354 1282 omnes
384 1218 628 1294 declinaverint,
656 1217 712 1280 sed
733 1217 953 1281 tantummode
976 1234 1048 1298 pars
1071 1217 1274 1284 aberraverit.

151 1320 297 1402 Apthue
321 1319 430 1384 Cicero
454 1319 505 1401 (de
527 1320 593 1382 fato
615 1319 675 1382 XX
697 1318 751 1401 46)
775 1319 909 1401 quaerit,
932 1337 1011 1382 num
1033 1319 1164 1384 sortitae
1186 1320 1272 1386 inter

152 1440 185 1485 se
215 1422 280 1486 sint
309 1423 407 1486 atomi
436 1439 536 1504 „quae
565 1423 651 1486 recte
674 1439 753 1502 quae
786 1421 913 1502 oblique
936 1421 1110 1485 ferantur.“
1162 1411 1273 1505 Neque

150 1524 230 1586 mihi
258 1525 447 1605 persuadere
476 1541 606 1611 possum
639 1526 676 1586 nt
704 1524 849 1588 docuisse
882 1523 1008 1588 credam
1036 1523 1210 1604 Epicurum
1239 1525 1273 1588 in

150 1625 196 1688 cis
230 1627 360 1704 atomis,
398 1645 415 1690 e
451 1627 568 1708 quibus
609 1643 683 1689 sana
723 1628 886 1704 constant,
920 1627 1119 1690 voluntatem
1157 1625 1272 1692 inesse.

150 1725 272 1806 Quodsi
294 1747 403 1793 eorum
419 1729 597 1793 sententiae
621 1727 864 1809 adstipulamur,
880 1729 936 1810 qui
957 1729 1070 1792 volunt
1091 1728 1274 1792 declinandi

148 1831 346 1895 voluntatem
376 1831 541 1894 nonnullis
576 1831 689 1894 atomis
719 1829 856 1893 inditam
878 1848 964 1907 esse,
987 1847 1052 1893 una
1080 1829 1271 1896 difficultate

150 1932 278 1996 sublata
300 1933 334 1996 in
356 1933 452 1997 aliam
475 1932 656 1996 incidimus.
701 1931 746 1995 Ut
768 1932 853 1996 enim
876 1933 1062 2013 argumento
1085 1933 1192 1996 utare
1207 1933 1271 1998 Lu·

148 2035 247 2098 cretio
270 2037 406 2118 sumpto,
422 2036 478 2117 qui
493 2038 613 2099 atomos
638 2035 800 2098 voluntate
815 2035 975 2116 praeditas
997 2051 1066 2097 esse
1089 2035 1176 2112 velit,
1199 2053 1272 2098 curn

148 2137 298 2201 voluntas
320 2138 385 2202 nisi
408 2139 442 2201 in
465 2137 682 2202 animantibus
704 2155 768 2201 non
791 2137 849 2214 sit,
880 2155 932 2200 eas
955 2136 1144 2215 animantes,
1167 2137 1200 2200 id
1223 2140 1273 2202 est

147 2239 254 2302 anima
274 2239 449 2304 instructas
465 2259 533 2304 esse
549 2241 689 2304 statuere
706 2239 809 2304 debet.
853 2239 921 2303 Hac
943 2239 1106 2303 sententia
1126 2239 1267 2321 probata,

149 2340 321 2406 discrimen
343 2343 562 2408 intercessisse
578 2342 771 2406 monendum
787 2344 845 2420 est,
867 2342 952 2406 inter
967 2359 1019 2405 eas
1042 2343 1162 2405 atomos
1190 2361 1270 2423 quae

149 2441 186 2506 de
219 2443 271 2506 via
302 2444 505 2509 declinarunt
538 2448 570 2509 et
601 2446 742 2526 reliquas
779 2463 904 2520 omneS,
937 2443 1021 2526 quod
1051 2443 1132 2507 aliae
1164 2447 1271 2508 essent

148 2545 322 2621 animatae,
349 2548 431 2611 aliae
461 2547 584 2611 animae
607 2551 759 2629 expertes.
805 2545 885 2610 Cum
913 2565 986 2610 vero
1009 2546 1107 2610 atomi
1129 2547 1214 2610 inter
1236 2566 1269 2610 se

147 2665 212 2709 non
234 2647 400 2712 differrent
421 2649 484 2711 nisi
507 2650 745 2730 magnitudine,
776 2649 891 2725 forma,
919 2649 1091 2729 gravitate,
1113 2648 1183 2712 fieri
1205 2667 1270 2712 non

147 2747 268 2828 potuit,
296 2751 335 2812 ut
356 2749 513 2830 Epicurus
537 2751 678 2828 doceret,
701 2751 773 2814 aliis
803 2751 1000 2814 voluntatem
1022 2768 1091 2813 esse
1114 2750 1268 2830 innatam,

147 2849 219 2912 aliis
242 2868 305 2913 non
328 2851 415 2916 item.
460 2851 612 2915 Firmiter
640 2853 740 2935 igitur
769 2853 803 2916 in
825 2871 862 2917 ea
884 2851 1046 2916 sententia
1067 2853 1206 2930 stemus,
1229 2857 1267 2918 ut

146 2970 186 3014 ne
202 2953 247 3015 eis
263 2953 392 3034 quidem
407 2973 486 3036 quae
509 2955 712 3018 declinarunt
726 2955 840 3018 atomis
862 2955 1060 3018 voluntatem
1087 2954 1267 3020 declinandi

145 3053 281 3118 inditam
303 3055 402 3120 fuisse
427 3056 633 3120 affirmemus.
677 3057 722 3121 Ut
736 3059 795 3121 hoo
808 3057 929 3135 addam,
951 3056 980 3120 si
1002 3055 1036 3119 in
1052 3056 1130 3138 ipsis
1152 3059 1275 3128 atonis,

145 3157 293 3220 voluntas
316 3157 439 3236 fuisset,
456 3159 625 3224 Lucretius
640 3159 744 3224 dicere
766 3179 831 3224 non
845 3160 1017 3242 potuisset:
1041 3162 1146 3237 „certe
1162 3180 1265 3242 neque

145 3259 277 3324 oonsilio
298 3261 472 3342 primordia
487 3281 593 3326 rerum
610 3262 719 3326 ordine
743 3281 776 3326 se
799 3281 855 3326 suo
871 3280 1014 3344 quaeque
1030 3263 1137 3342 sagaci
1159 3266 1265 3326 mente

144 3362 319 3426 locarunt.“
343 3362 373 3446 (I
389 3365 495 3445 1021.)
526 3363 620 3428 Iuvat
634 3365 731 3428 etiam
747 3363 889 3428 conferre
913 3363 978 3428 Cic.
994 3365 1032 3428 de
1055 3363 1120 3426 fato
1150 3365 1200 3428 20.
1223 3366 1263 3428 47

144 3482 265 3546 „neque
287 3465 321 3528 in
344 3465 413 3546 ipsa
436 3469 541 3529 atomo
563 3468 752 3544 mutationis
781 3467 903 3548 aliquid
925 3467 1047 3530 iactum
1070 3468 1128 3543 est,
1142 3485 1263 3548 xquam-

143 3567 249 3630 obrem
272 3569 451 3632 naturalem
472 3571 595 3633 motum
617 3571 668 3633 sui
689 3569 836 3651 ponderis
857 3587 923 3632 non
944 3570 1098 3632 teneret.“

248 3669 344 3734 Nunc
365 3674 535 3753 postquam
557 3672 733 3736 ostendisse
754 3671 846 3735 nobis
868 3671 1026 3748 videmur,
1049 3673 1105 3734 aut
1131 3671 1263 3752 paulum

143 3771 304 3836 aberrasse
332 3791 351 3836 a
379 3792 451 3838 vero
481 3793 553 3852 eos,
583 3773 638 3855 qui
667 3773 840 3854 Epicurum
862 3773 1043 3838 declinandi
1065 3775 1263 3838 voluntatem

141 3875 175 3938 in
203 3875 281 3957 ipsis
310 3875 425 3940 atomis
452 3877 596 3958 posuisse
626 3877 760 3956 putant,
783 3871 839 3939 ant
859 3894 973 3956 parum
996 3875 1057 3939 sibi
1079 3875 1262 3940 constitisse

141 3977 374 4060 philosophum,
391 3996 464 4042 oum
479 3978 593 4042 atomis
609 3978 699 4040 illam
713 3978 778 4040 vim
793 3979 958 4055 tribueret,
977 3979 1040 4041 iarn
1063 3995 1261 4059 quaeremur,

142 4097 219 4141 num
252 4081 372 4158 omnia,
407 4081 434 4144 si
461 4081 508 4143 ita
537 4079 668 4161 Epicuri
694 4081 896 4162 philosophia
917 4099 986 4145 sese
1009 4080 1157 4157 haberet,
1180 4082 1260 4162 bene

141 4179 225 4242 inter
257 4199 290 4244 se
324 4183 538 4248 concinerent.
593 4180 730 4262 Woltjer
763 4183 891 4264 quidem
925 4183 990 4264 (pg.
1019 4182 1093 4266 101)
1127 4181 1259 4246 difficile
