<?xml version="1.0" encoding="UTF-8"?>
<!DOCTYPE html PUBLIC "-//W3C//DTD XHTML 1.0 Transitional//EN"
    "http://www.w3.org/TR/xhtml1/DTD/xhtml1-transitional.dtd">
<html xmlns="http://www.w3.org/1999/xhtml" xml:lang="en" lang="en">
 <head>
  <title>
</title>
<meta http-equiv="Content-Type" content="text/html;charset=utf-8" />
  <meta name='ocr-system' content='tesseract 3.04.00' />
  <meta name='ocr-capabilities' content='ocr_page ocr_carea ocr_par ocr_line ocrx_word'/>
</head>
<body>
  <div class='ocr_page' id='page_1' title='image "annotationesadl01eichgoog_0009.png"; bbox 0 0 2980 4722; ppageno 0'>
   <div class='ocr_carea' id='block_1_1' title="bbox 741 281 757 335">
    <p class='ocr_par' dir='ltr' id='par_1_1' title="bbox 741 281 757 335">
     <span class='ocr_line' id='line_1_1' title="bbox 741 281 757 335; baseline 0 0"><span class='ocrx_word' id='word_1_1' title='bbox 741 281 757 335; x_wconf 83' lang='lat'>2</span> 
     </span>
    </p>
   </div>
   <div class='ocr_carea' id='block_1_2' title="bbox 674 354 826 364">
    <p class='ocr_par' dir='ltr' id='par_1_2' title="bbox 674 354 826 364">
     <span class='ocr_line' id='line_1_2' title="bbox 674 354 826 364; baseline 0.007 -2"><span class='ocrx_word' id='word_1_2' title='bbox 674 354 826 364; x_wconf 78' lang='lat'><em>———-.</em></span> 
     </span>
    </p>
   </div>
   <div class='ocr_carea' id='block_1_3' title="bbox 181 483 1307 2414">
    <p class='ocr_par' dir='ltr' id='par_1_3' title="bbox 181 483 1307 2414">
     <span class='ocr_line' id='line_1_3' title="bbox 188 483 1307 578; baseline 0.013 -30"><span class='ocrx_word' id='word_1_3' title='bbox 188 483 250 548; x_wconf 89' lang='lat' dir='ltr'><strong>sibi</strong></span> <span class='ocrx_word' id='word_1_4' title='bbox 271 503 336 548; x_wconf 93' lang='lat' dir='ltr'><strong>non</strong></span> <span class='ocrx_word' id='word_1_5' title='bbox 368 487 511 550; x_wconf 74' lang='lat' dir='ltr'><strong>constare</strong></span> <span class='ocrx_word' id='word_1_6' title='bbox 534 487 727 556; x_wconf 86' lang='lat' dir='ltr'><strong>viderentur.</strong></span> <span class='ocrx_word' id='word_1_7' title='bbox 779 491 900 555; x_wconf 89' lang='lat' dir='ltr'><strong>Harum</strong></span> <span class='ocrx_word' id='word_1_8' title='bbox 934 491 1163 558; x_wconf 87' lang='lat' dir='ltr'><strong>difficultatum</strong></span> <span class='ocrx_word' id='word_1_9' title='bbox 1195 514 1307 578; x_wconf 85' lang='lat' dir='ltr'><strong>quam·</strong></span> 
     </span>
     <span class='ocr_line' id='line_1_4' title="bbox 188 590 1306 676; baseline 0.013 -27"><span class='ocrx_word' id='word_1_10' title='bbox 188 605 283 668; x_wconf 88' lang='lat' dir='ltr'><strong>quam</strong></span> <span class='ocrx_word' id='word_1_11' title='bbox 297 605 445 670; x_wconf 84' lang='lat' dir='ltr'><strong>magnam</strong></span> <span class='ocrx_word' id='word_1_12' title='bbox 458 590 613 674; x_wconf 62' lang='lat' dir='ltr'><strong>parrona</strong></span> <span class='ocrx_word' id='word_1_13' title='bbox 629 593 778 658; x_wconf 76' lang='lat' dir='ltr'><strong>licentiae</strong></span> <span class='ocrx_word' id='word_1_14' title='bbox 793 611 873 676; x_wconf 87' lang='lat' dir='ltr'><strong>quae</strong></span> <span class='ocrx_word' id='word_1_15' title='bbox 885 593 987 675; x_wconf 87' lang='lat' dir='ltr'><strong>poetis</strong></span> <span class='ocrx_word' id='word_1_16' title='bbox 1003 597 1188 661; x_wconf 86' lang='lat' dir='ltr'><strong>conceditur</strong></span> <span class='ocrx_word' id='word_1_17' title='bbox 1202 599 1306 664; x_wconf 88' lang='lat' dir='ltr'><strong>tribu-</strong></span> 
     </span>
     <span class='ocr_line' id='line_1_5' title="bbox 187 690 1306 781; baseline 0.012 -30"><span class='ocrx_word' id='word_1_18' title='bbox 187 690 300 752; x_wconf 84' lang='lat' dir='ltr'><strong>endam</strong></span> <span class='ocrx_word' id='word_1_19' title='bbox 334 709 402 754; x_wconf 89' lang='lat' dir='ltr'><strong>essc</strong></span> <span class='ocrx_word' id='word_1_20' title='bbox 435 693 682 773; x_wconf 89' lang='lat' dir='ltr'><strong>perspiciebam,</strong></span> <span class='ocrx_word' id='word_1_21' title='bbox 716 697 823 760; x_wconf 81' lang='lat' dir='ltr'><strong>umen</strong></span> <span class='ocrx_word' id='word_1_22' title='bbox 862 696 942 760; x_wconf 87' lang='lat' dir='ltr'><strong>aliae</strong></span> <span class='ocrx_word' id='word_1_23' title='bbox 978 697 1158 775; x_wconf 79' lang='lat' dir='ltr'><strong>restabant,</strong></span> <span class='ocrx_word' id='word_1_24' title='bbox 1192 700 1306 781; x_wconf 89' lang='lat' dir='ltr'><strong>quihus</strong></span> 
     </span>
     <span class='ocr_line' id='line_1_6' title="bbox 186 791 1307 876; baseline 0.012 -23"><span class='ocrx_word' id='word_1_25' title='bbox 186 792 282 856; x_wconf 86' lang='lat' dir='ltr'><strong>etiam</strong></span> <span class='ocrx_word' id='word_1_26' title='bbox 294 791 423 874; x_wconf 82' lang='lat' dir='ltr'><strong>Epicuri</strong></span> <span class='ocrx_word' id='word_1_27' title='bbox 434 794 666 876; x_wconf 84' lang='lat' dir='ltr'><strong>philosophiam</strong></span> <span class='ocrx_word' id='word_1_28' title='bbox 682 797 890 862; x_wconf 86' lang='lat' dir='ltr'><strong>deformatam</strong></span> <span class='ocrx_word' id='word_1_29' title='bbox 908 817 977 863; x_wconf 90' lang='lat' dir='ltr'><strong>esse</strong></span> <span class='ocrx_word' id='word_1_30' title='bbox 993 799 1110 866; x_wconf 85' lang='lat' dir='ltr'><strong>inv&#39;eni.</strong></span> <span class='ocrx_word' id='word_1_31' title='bbox 1140 801 1184 864; x_wconf 83' lang='lat' dir='ltr'><strong>ito</strong></span> <span class='ocrx_word' id='word_1_32' title='bbox 1200 806 1307 866; x_wconf 87' lang='lat' dir='ltr'><strong>autem</strong></span> 
     </span>
     <span class='ocr_line' id='line_1_7' title="bbox 186 895 1307 984; baseline 0.01 -27"><span class='ocrx_word' id='word_1_33' title='bbox 186 895 312 959; x_wconf 89' lang='lat' dir='ltr'><strong>cautius</strong></span> <span class='ocrx_word' id='word_1_34' title='bbox 334 914 384 958; x_wconf 92' lang='lat' dir='ltr'><strong>me</strong></span> <span class='ocrx_word' id='word_1_35' title='bbox 407 895 442 958; x_wconf 93' lang='lat' dir='ltr'><strong>in</strong></span> <span class='ocrx_word' id='word_1_36' title='bbox 474 898 533 960; x_wconf 87' lang='lat' dir='ltr'><strong>hac</strong></span> <span class='ocrx_word' id='word_1_37' title='bbox 555 917 589 962; x_wconf 90' lang='lat' dir='ltr'><strong>re</strong></span> <span class='ocrx_word' id='word_1_38' title='bbox 622 901 742 964; x_wconf 84' lang='lat' dir='ltr'><strong>versari</strong></span> <span class='ocrx_word' id='word_1_39' title='bbox 775 901 888 966; x_wconf 86' lang='lat' dir='ltr'><strong>debere</strong></span> <span class='ocrx_word' id='word_1_40' title='bbox 922 901 1117 980; x_wconf 86' lang='lat' dir='ltr'><strong>existimavi,</strong></span> <span class='ocrx_word' id='word_1_41' title='bbox 1149 903 1233 984; x_wconf 91' lang='lat' dir='ltr'><strong>quod</strong></span> <span class='ocrx_word' id='word_1_42' title='bbox 1267 923 1307 968; x_wconf 90' lang='lat' dir='ltr'><strong>ne</strong></span> 
     </span>
     <span class='ocr_line' id='line_1_8' title="bbox 185 996 1305 1088; baseline 0.01 -27"><span class='ocrx_word' id='word_1_43' title='bbox 185 996 385 1062; x_wconf 89' lang='lat' dir='ltr'><strong>doctissimos</strong></span> <span class='ocrx_word' id='word_1_44' title='bbox 419 1000 547 1080; x_wconf 88' lang='lat' dir='ltr'><strong>quidem</strong></span> <span class='ocrx_word' id='word_1_45' title='bbox 580 1001 772 1085; x_wconf 86' lang='lat' dir='ltr'><strong>interpretes</strong></span> <span class='ocrx_word' id='word_1_46' title='bbox 811 1023 922 1068; x_wconf 88' lang='lat' dir='ltr'><strong>sanam</strong></span> <span class='ocrx_word' id='word_1_47' title='bbox 955 1003 1140 1086; x_wconf 86' lang='lat' dir='ltr'><strong>depravatae</strong></span> <span class='ocrx_word' id='word_1_48' title='bbox 1174 1006 1305 1088; x_wconf 82' lang='lat' dir='ltr'><strong>Epicuri</strong></span> 
     </span>
     <span class='ocr_line' id='line_1_9' title="bbox 183 1101 1306 1191; baseline 0.008 -27"><span class='ocrx_word' id='word_1_49' title='bbox 183 1101 402 1183; x_wconf 89' lang='lat' dir='ltr'><strong>philosophiae</strong></span> <span class='ocrx_word' id='word_1_50' title='bbox 423 1103 580 1167; x_wconf 87' lang='lat' dir='ltr'><strong>medelam</strong></span> <span class='ocrx_word' id='word_1_51' title='bbox 602 1106 748 1170; x_wconf 89' lang='lat' dir='ltr'><strong>attulisse</strong></span> <span class='ocrx_word' id='word_1_52' title='bbox 772 1107 1008 1191; x_wconf 74' lang='lat' dir='ltr'><strong>cognoscebam.</strong></span> <span class='ocrx_word' id='word_1_53' title='bbox 1059 1107 1170 1188; x_wconf 88' lang='lat' dir='ltr'><strong>Neque</strong></span> <span class='ocrx_word' id='word_1_54' title='bbox 1193 1109 1306 1173; x_wconf 87' lang='lat' dir='ltr'><strong>horum</strong></span> 
     </span>
     <span class='ocr_line' id='line_1_10' title="bbox 184 1204 1306 1293; baseline 0.007 -25"><span class='ocrx_word' id='word_1_55' title='bbox 184 1204 373 1269; x_wconf 89' lang='lat' dir='ltr'><strong>auctoritate</strong></span> <span class='ocrx_word' id='word_1_56' title='bbox 407 1205 488 1268; x_wconf 91' lang='lat' dir='ltr'><strong>mihi</strong></span> <span class='ocrx_word' id='word_1_57' title='bbox 519 1207 704 1288; x_wconf 87' lang='lat' dir='ltr'><strong>persuaderi</strong></span> <span class='ocrx_word' id='word_1_58' title='bbox 724 1227 837 1291; x_wconf 89' lang='lat' dir='ltr'><strong>passus</strong></span> <span class='ocrx_word' id='word_1_59' title='bbox 860 1228 946 1287; x_wconf 90' lang='lat' dir='ltr'><strong>sum,</strong></span> <span class='ocrx_word' id='word_1_60' title='bbox 975 1210 1073 1273; x_wconf 89' lang='lat' dir='ltr'><strong>talem</strong></span> <span class='ocrx_word' id='word_1_61' title='bbox 1104 1211 1142 1274; x_wconf 90' lang='lat' dir='ltr'><strong>ab</strong></span> <span class='ocrx_word' id='word_1_62' title='bbox 1170 1211 1306 1293; x_wconf 78' lang='lat' dir='ltr'><strong>Epicuro</strong></span> 
     </span>
     <span class='ocr_line' id='line_1_11' title="bbox 184 1307 1306 1390; baseline 0.007 -21"><span class='ocrx_word' id='word_1_63' title='bbox 184 1309 217 1370; x_wconf 93' lang='lat' dir='ltr'><strong>et</strong></span> <span class='ocrx_word' id='word_1_64' title='bbox 249 1307 397 1372; x_wconf 90' lang='lat' dir='ltr'><strong>Lucretio</strong></span> <span class='ocrx_word' id='word_1_65' title='bbox 430 1307 605 1389; x_wconf 86' lang='lat' dir='ltr'><strong>profectam</strong></span> <span class='ocrx_word' id='word_1_66' title='bbox 638 1328 707 1374; x_wconf 86' lang='lat' dir='ltr'><strong>esse</strong></span> <span class='ocrx_word' id='word_1_67' title='bbox 743 1312 781 1376; x_wconf 92' lang='lat' dir='ltr'><strong>de</strong></span> <span class='ocrx_word' id='word_1_68' title='bbox 814 1311 938 1376; x_wconf 84' lang='lat' dir='ltr'><strong>animae</strong></span> <span class='ocrx_word' id='word_1_69' title='bbox 971 1315 1087 1376; x_wconf 85' lang='lat' dir='ltr'><strong>natura</strong></span> <span class='ocrx_word' id='word_1_70' title='bbox 1119 1312 1306 1390; x_wconf 85' lang='lat' dir='ltr'><strong>doctrinam,</strong></span> 
     </span>
     <span class='ocr_line' id='line_1_12' title="bbox 184 1409 1304 1496; baseline 0.004 -22"><span class='ocrx_word' id='word_1_71' title='bbox 184 1409 311 1490; x_wconf 90' lang='lat' dir='ltr'><strong>qualem</strong></span> <span class='ocrx_word' id='word_1_72' title='bbox 334 1411 428 1492; x_wconf 90' lang='lat' dir='ltr'><strong>vulgo</strong></span> <span class='ocrx_word' id='word_1_73' title='bbox 451 1412 485 1474; x_wconf 92' lang='lat' dir='ltr'><strong>in</strong></span> <span class='ocrx_word' id='word_1_74' title='bbox 518 1412 609 1476; x_wconf 90' lang='lat' dir='ltr'><strong>libris</strong></span> <span class='ocrx_word' id='word_1_75' title='bbox 633 1413 822 1496; x_wconf 81' lang='lat' dir='ltr'><strong>explicatam</strong></span> <span class='ocrx_word' id='word_1_76' title='bbox 845 1414 992 1496; x_wconf 85' lang='lat' dir='ltr'><strong>legimus.</strong></span> <span class='ocrx_word' id='word_1_77' title='bbox 1045 1413 1244 1496; x_wconf 77' lang='lat' dir='ltr'><strong>Quapropter</strong></span> <span class='ocrx_word' id='word_1_78' title='bbox 1271 1415 1304 1478; x_wconf 89' lang='lat' dir='ltr'><strong>iu</strong></span> 
     </span>
     <span class='ocr_line' id='line_1_13' title="bbox 183 1512 1306 1598; baseline 0.005 -24"><span class='ocrx_word' id='word_1_79' title='bbox 183 1512 265 1575; x_wconf 88' lang='lat' dir='ltr'><strong>huno</strong></span> <span class='ocrx_word' id='word_1_80' title='bbox 286 1513 489 1594; x_wconf 88' lang='lat' dir='ltr'><strong>potissimum</strong></span> <span class='ocrx_word' id='word_1_81' title='bbox 512 1515 662 1578; x_wconf 86' lang='lat' dir='ltr'><strong>carminis</strong></span> <span class='ocrx_word' id='word_1_82' title='bbox 678 1515 862 1580; x_wconf 86' lang='lat' dir='ltr'><strong>Lucretiani</strong></span> <span class='ocrx_word' id='word_1_83' title='bbox 877 1520 1000 1597; x_wconf 86' lang='lat' dir='ltr'><strong>purtem</strong></span> <span class='ocrx_word' id='word_1_84' title='bbox 1015 1535 1143 1598; x_wconf 87' lang='lat' dir='ltr'><strong>operam</strong></span> <span class='ocrx_word' id='word_1_85' title='bbox 1165 1517 1306 1598; x_wconf 84' lang='lat' dir='ltr'><strong>impendi</strong></span> 
     </span>
     <span class='ocr_line' id='line_1_14' title="bbox 182 1615 1305 1700; baseline 0.002 -20"><span class='ocrx_word' id='word_1_86' title='bbox 182 1615 322 1696; x_wconf 91' lang='lat' dir='ltr'><strong>quidque</strong></span> <span class='ocrx_word' id='word_1_87' title='bbox 334 1615 469 1680; x_wconf 86' lang='lat' dir='ltr'><strong>officisse</strong></span> <span class='ocrx_word' id='word_1_88' title='bbox 481 1616 561 1680; x_wconf 91' lang='lat' dir='ltr'><strong>mihi</strong></span> <span class='ocrx_word' id='word_1_89' title='bbox 573 1617 704 1693; x_wconf 84' lang='lat' dir='ltr'><strong>viderer,</strong></span> <span class='ocrx_word' id='word_1_90' title='bbox 716 1617 943 1698; x_wconf 73' lang='lat' dir='ltr'><strong>probahilibus,</strong></span> <span class='ocrx_word' id='word_1_91' title='bbox 959 1621 997 1682; x_wconf 88' lang='lat' dir='ltr'><strong>ut</strong></span> <span class='ocrx_word' id='word_1_92' title='bbox 1007 1619 1305 1700; x_wconf 62' lang='lat' dir='ltr'><strong>sporc„instructus</strong></span> 
     </span>
     <span class='ocr_line' id='line_1_15' title="bbox 182 1717 1305 1802; baseline 0.004 -22"><span class='ocrx_word' id='word_1_93' title='bbox 182 1717 380 1798; x_wconf 83' lang='lat' dir='ltr'><strong>argumentis</strong></span> <span class='ocrx_word' id='word_1_94' title='bbox 402 1717 565 1799; x_wconf 83' lang='lat' dir='ltr'><strong>fretusque</strong></span> <span class='ocrx_word' id='word_1_95' title='bbox 585 1719 725 1800; x_wconf 92' lang='lat' dir='ltr'><strong>priorum</strong></span> <span class='ocrx_word' id='word_1_96' title='bbox 748 1721 961 1802; x_wconf 89' lang='lat' dir='ltr'><strong>interpretum</strong></span> <span class='ocrx_word' id='word_1_97' title='bbox 977 1720 1230 1785; x_wconf 85' lang='lat' dir='ltr'><strong>dubitationibus</strong></span> <span class='ocrx_word' id='word_1_98' title='bbox 1245 1721 1305 1784; x_wconf 88' lang='lat' dir='ltr'><strong>hac</strong></span> 
     </span>
     <span class='ocr_line' id='line_1_16' title="bbox 182 1820 1304 1910; baseline 0.003 -27"><span class='ocrx_word' id='word_1_99' title='bbox 182 1820 397 1902; x_wconf 88' lang='lat' dir='ltr'><strong>disputatione</strong></span> <span class='ocrx_word' id='word_1_100' title='bbox 429 1820 464 1884; x_wconf 90' lang='lat' dir='ltr'><strong>in</strong></span> <span class='ocrx_word' id='word_1_101' title='bbox 486 1821 628 1888; x_wconf 85' lang='lat' dir='ltr'><strong>uredium</strong></span> <span class='ocrx_word' id='word_1_102' title='bbox 655 1821 794 1903; x_wconf 88' lang='lat' dir='ltr'><strong>proferre</strong></span> <span class='ocrx_word' id='word_1_103' title='bbox 828 1823 967 1889; x_wconf 88' lang='lat' dir='ltr'><strong>institui.</strong></span> <span class='ocrx_word' id='word_1_104' title='bbox 1020 1821 1219 1910; x_wconf 81' lang='lat' dir='ltr'><strong>Quamquam</strong></span> <span class='ocrx_word' id='word_1_105' title='bbox 1243 1842 1304 1887; x_wconf 91' lang='lat' dir='ltr'><strong>non</strong></span> 
     </span>
     <span class='ocr_line' id='line_1_17' title="bbox 182 1921 1303 2014; baseline 0.003 -29"><span class='ocrx_word' id='word_1_106' title='bbox 182 1921 248 1986; x_wconf 84' lang='lat' dir='ltr'><strong>iore</strong></span> <span class='ocrx_word' id='word_1_107' title='bbox 271 1922 477 2000; x_wconf 89' lang='lat' dir='ltr'><strong>crediderim,</strong></span> <span class='ocrx_word' id='word_1_108' title='bbox 499 1927 538 1988; x_wconf 92' lang='lat' dir='ltr'><strong>ut</strong></span> <span class='ocrx_word' id='word_1_109' title='bbox 560 1925 682 2006; x_wconf 83' lang='lat' dir='ltr'><strong>exiguis</strong></span> <span class='ocrx_word' id='word_1_110' title='bbox 705 1925 784 1991; x_wconf 88' lang='lat' dir='ltr'><strong>meis</strong></span> <span class='ocrx_word' id='word_1_111' title='bbox 806 1925 927 1989; x_wconf 86' lang='lat' dir='ltr'><strong>viribus</strong></span> <span class='ocrx_word' id='word_1_112' title='bbox 954 1925 1146 2014; x_wconf 78' lang='lat' dir='ltr'><strong>difficillima</strong></span> <span class='ocrx_word' id='word_1_113' title='bbox 1166 1926 1244 1990; x_wconf 88' lang='lat' dir='ltr'><strong>haec</strong></span> <span class='ocrx_word' id='word_1_114' title='bbox 1266 1925 1303 1988; x_wconf 93' lang='lat' dir='ltr'><strong>de</strong></span> 
     </span>
     <span class='ocr_line' id='line_1_18' title="bbox 182 2025 1304 2109; baseline 0.012 -22"><span class='ocrx_word' id='word_1_115' title='bbox 182 2025 297 2089; x_wconf 88' lang='lat' dir='ltr'><strong>animis</strong></span> <span class='ocrx_word' id='word_1_116' title='bbox 333 2026 476 2106; x_wconf 87' lang='lat' dir='ltr'><strong>quaestio</strong></span> <span class='ocrx_word' id='word_1_117' title='bbox 501 2027 621 2092; x_wconf 89' lang='lat' dir='ltr'><strong>absolvi</strong></span> <span class='ocrx_word' id='word_1_118' title='bbox 650 2029 774 2109; x_wconf 87' lang='lat' dir='ltr'><strong>posset,</strong></span> <span class='ocrx_word' id='word_1_119' title='bbox 798 2027 977 2094; x_wconf 88' lang='lat' dir='ltr'><strong>coniunctis</strong></span> <span class='ocrx_word' id='word_1_120' title='bbox 1011 2027 1095 2092; x_wconf 87' lang='lat' dir='ltr'><strong>euim</strong></span> <span class='ocrx_word' id='word_1_121' title='bbox 1129 2029 1304 2099; x_wconf 83' lang='lat' dir='ltr'><strong>multorum</strong></span> 
     </span>
     <span class='ocr_line' id='line_1_19' title="bbox 181 2127 1303 2222; baseline 0.004 -32"><span class='ocrx_word' id='word_1_122' title='bbox 181 2127 298 2192; x_wconf 88' lang='lat' dir='ltr'><strong>studiis</strong></span> <span class='ocrx_word' id='word_1_123' title='bbox 321 2147 399 2212; x_wconf 91' lang='lat' dir='ltr'><strong>opus</strong></span> <span class='ocrx_word' id='word_1_124' title='bbox 422 2131 487 2206; x_wconf 91' lang='lat' dir='ltr'><strong>est,</strong></span> <span class='ocrx_word' id='word_1_125' title='bbox 517 2132 625 2194; x_wconf 86' lang='lat' dir='ltr'><strong>tumen</strong></span> <span class='ocrx_word' id='word_1_126' title='bbox 656 2148 758 2212; x_wconf 88' lang='lat' dir='ltr'><strong>pauca</strong></span> <span class='ocrx_word' id='word_1_127' title='bbox 785 2129 926 2222; x_wconf 86' lang='lat' dir='ltr'><strong>proferre</strong></span> <span class='ocrx_word' id='word_1_128' title='bbox 949 2129 1029 2194; x_wconf 86' lang='lat' dir='ltr'><strong>mihi</strong></span> <span class='ocrx_word' id='word_1_129' title='bbox 1051 2147 1158 2206; x_wconf 92' lang='lat' dir='ltr'><strong>sumo,</strong></span> <span class='ocrx_word' id='word_1_130' title='bbox 1188 2131 1303 2210; x_wconf 86' lang='lat' dir='ltr'><strong>quibus</strong></span> 
     </span>
     <span class='ocr_line' id='line_1_20' title="bbox 182 2229 1303 2312; baseline 0.002 -20"><span class='ocrx_word' id='word_1_131' title='bbox 182 2229 243 2293; x_wconf 87' lang='lat' dir='ltr'><strong>viri</strong></span> <span class='ocrx_word' id='word_1_132' title='bbox 266 2229 350 2293; x_wconf 89' lang='lat' dir='ltr'><strong>docti</strong></span> <span class='ocrx_word' id='word_1_133' title='bbox 383 2230 506 2294; x_wconf 85' lang='lat' dir='ltr'><strong>diutius</strong></span> <span class='ocrx_word' id='word_1_134' title='bbox 539 2231 572 2294; x_wconf 93' lang='lat' dir='ltr'><strong>in</strong></span> <span class='ocrx_word' id='word_1_135' title='bbox 602 2231 733 2312; x_wconf 82' lang='lat' dir='ltr'><strong>Epicuri</strong></span> <span class='ocrx_word' id='word_1_136' title='bbox 768 2232 969 2312; x_wconf 87' lang='lat' dir='ltr'><strong>philosophia</strong></span> <span class='ocrx_word' id='word_1_137' title='bbox 1001 2231 1119 2296; x_wconf 86' lang='lat' dir='ltr'><strong>versuti</strong></span> <span class='ocrx_word' id='word_1_138' title='bbox 1152 2231 1192 2294; x_wconf 89' lang='lat' dir='ltr'><strong>ad</strong></span> <span class='ocrx_word' id='word_1_139' title='bbox 1221 2232 1303 2296; x_wconf 89' lang='lat' dir='ltr'><strong>hanc</strong></span> 
     </span>
     <span class='ocr_line' id='line_1_21' title="bbox 181 2331 1302 2414; baseline 0 -18"><span class='ocrx_word' id='word_1_140' title='bbox 181 2332 399 2412; x_wconf 86' lang='lat' dir='ltr'><strong>quaestionem</strong></span> <span class='ocrx_word' id='word_1_141' title='bbox 422 2333 525 2396; x_wconf 91' lang='lat' dir='ltr'><strong>denuo</strong></span> <span class='ocrx_word' id='word_1_142' title='bbox 547 2331 803 2414; x_wconf 77' lang='lat' dir='ltr'><strong>perlustrandum</strong></span> <span class='ocrx_word' id='word_1_143' title='bbox 826 2332 1034 2396; x_wconf 86' lang='lat' dir='ltr'><strong>adducantur.</strong></span> <span class='ocrx_word' id='word_1_144' title='bbox 1080 2332 1211 2396; x_wconf 86' lang='lat' dir='ltr'><strong>Praeter</strong></span> <span class='ocrx_word' id='word_1_145' title='bbox 1230 2334 1302 2396; x_wconf 85' lang='lat' dir='ltr'><strong>Rit-</strong></span> 
     </span>
    </p>
   </div>
   <div class='ocr_carea' id='block_1_4' title="bbox 180 2537 382 2546">
    <p class='ocr_par' dir='ltr' id='par_1_4' title="bbox 180 2537 382 2546">
     <span class='ocr_line' id='line_1_22' title="bbox 180 2537 382 2546; baseline 0.015 -3"><span class='ocrx_word' id='word_1_146' title='bbox 180 2537 382 2546; x_wconf 63' lang='lat'>——-..-—-..</span> 
     </span>
    </p>
   </div>
   <div class='ocr_carea' id='block_1_5' title="bbox 176 2671 1332 4274">
    <p class='ocr_par' dir='ltr' id='par_1_5' title="bbox 176 2671 1332 4274">
     <span class='ocr_line' id='line_1_23' title="bbox 281 2671 1301 2740; baseline 0 -16"><span class='ocrx_word' id='word_1_147' title='bbox 281 2672 302 2738; x_wconf 67' lang='grc'><strong>2)</strong></span> <span class='ocrx_word' id='word_1_148' title='bbox 321 2672 379 2724; x_wconf 88' lang='lat' dir='ltr'><strong>Uno</strong></span> <span class='ocrx_word' id='word_1_149' title='bbox 398 2673 514 2738; x_wconf 83' lang='lat' dir='ltr'><strong>exemplo</strong></span> <span class='ocrx_word' id='word_1_150' title='bbox 540 2673 664 2724; x_wconf 88' lang='lat' dir='ltr'><strong>hocloco</strong></span> <span class='ocrx_word' id='word_1_151' title='bbox 684 2671 787 2737; x_wconf 81' lang='lat' dir='ltr'><strong>defungi</strong></span> <span class='ocrx_word' id='word_1_152' title='bbox 810 2673 941 2724; x_wconf 75' lang='lat' dir='ltr'><strong>inanimo</strong></span> <span class='ocrx_word' id='word_1_153' title='bbox 959 2673 1060 2734; x_wconf 79' lang='lat' dir='ltr'><strong>habeo,</strong></span> <span class='ocrx_word' id='word_1_154' title='bbox 1085 2672 1179 2738; x_wconf 80' lang='lat' dir='ltr'><strong>quippe</strong></span> <span class='ocrx_word' id='word_1_155' title='bbox 1200 2673 1227 2724; x_wconf 89' lang='lat' dir='ltr'><strong>in</strong></span> <span class='ocrx_word' id='word_1_156' title='bbox 1250 2689 1301 2740; x_wconf 88' lang='lat' dir='ltr'><strong>quo</strong></span> 
     </span>
     <span class='ocr_line' id='line_1_24' title="bbox 179 2757 1300 2826; baseline 0.004 -20"><span class='ocrx_word' id='word_1_157' title='bbox 179 2758 375 2809; x_wconf 86' lang='lat' dir='ltr'><strong>Boelremueller</strong></span> <span class='ocrx_word' id='word_1_158' title='bbox 399 2758 558 2810; x_wconf 78' lang='lat' dir='ltr'><strong>haerendum</strong></span> <span class='ocrx_word' id='word_1_159' title='bbox 581 2757 629 2808; x_wconf 87' lang='lat' dir='ltr'><strong>sihi</strong></span> <span class='ocrx_word' id='word_1_160' title='bbox 653 2771 708 2808; x_wconf 87' lang='lat' dir='ltr'><strong>esse</strong></span> <span class='ocrx_word' id='word_1_161' title='bbox 732 2757 866 2823; x_wconf 78' lang='lat' dir='ltr'><strong>putaverit</strong></span> <span class='ocrx_word' id='word_1_162' title='bbox 908 2758 980 2808; x_wconf 84' lang='lat' dir='ltr'><strong>Libri</strong></span> <span class='ocrx_word' id='word_1_163' title='bbox 1004 2758 1086 2824; x_wconf 81' lang='lat' dir='ltr'><strong>querci</strong></span> <span class='ocrx_word' id='word_1_164' title='bbox 1111 2773 1151 2810; x_wconf 85' lang='lat' dir='ltr'><strong>rr.</strong></span> <span class='ocrx_word' id='word_1_165' title='bbox 1169 2759 1220 2812; x_wconf 78' lang='lat'><strong>907</strong></span> <span class='ocrx_word' id='word_1_166' title='bbox 1243 2775 1300 2826; x_wconf 85' lang='lat' dir='ltr'><strong>sqq.</strong></span> 
     </span>
     <span class='ocr_line' id='line_1_25' title="bbox 179 2843 1301 2912; baseline 0.002 -19"><span class='ocrx_word' id='word_1_167' title='bbox 179 2844 312 2894; x_wconf 88' lang='lat' dir='ltr'><strong>Lucretius</strong></span> <span class='ocrx_word' id='word_1_168' title='bbox 336 2845 367 2894; x_wconf 89' lang='lat' dir='ltr'><strong>de</strong></span> <span class='ocrx_word' id='word_1_169' title='bbox 384 2857 475 2896; x_wconf 87' lang='lat' dir='ltr'><strong>somno</strong></span> <span class='ocrx_word' id='word_1_170' title='bbox 501 2843 611 2908; x_wconf 83' lang='lat' dir='ltr'><strong>explicat</strong></span> <span class='ocrx_word' id='word_1_171' title='bbox 628 2844 739 2909; x_wconf 86' lang='lat' dir='ltr'><strong>„quihus</strong></span> <span class='ocrx_word' id='word_1_172' title='bbox 757 2844 801 2895; x_wconf 89' lang='lat' dir='ltr'><strong>ille</strong></span> <span class='ocrx_word' id='word_1_173' title='bbox 820 2843 903 2894; x_wconf 90' lang='lat' dir='ltr'><strong>modis</strong></span> <span class='ocrx_word' id='word_1_174' title='bbox 920 2859 966 2910; x_wconf 90' lang='lat' dir='ltr'><strong>per</strong></span> <span class='ocrx_word' id='word_1_175' title='bbox 990 2844 1107 2912; x_wconf 69' lang='lat' dir='ltr'><strong>membre</strong></span> <span class='ocrx_word' id='word_1_176' title='bbox 1134 2845 1245 2910; x_wconf 87' lang='lat' dir='ltr'><strong>quietem</strong></span> <span class='ocrx_word' id='word_1_177' title='bbox 1263 2845 1301 2895; x_wconf 90' lang='lat' dir='ltr'><strong>in·</strong></span> 
     </span>
     <span class='ocr_line' id='line_1_26' title="bbox 178 2928 1301 2995; baseline -0.001 -17"><span class='ocrx_word' id='word_1_178' title='bbox 178 2931 244 2994; x_wconf 87' lang='lat' dir='ltr'><strong>riget</strong></span> <span class='ocrx_word' id='word_1_179' title='bbox 261 2935 337 2994; x_wconf 84' lang='lat' dir='ltr'><strong>etque</strong></span> <span class='ocrx_word' id='word_1_180' title='bbox 356 2928 434 2978; x_wconf 84' lang='lat' dir='ltr'><strong>enimi</strong></span> <span class='ocrx_word' id='word_1_181' title='bbox 452 2943 525 2979; x_wconf 80' lang='lat' dir='ltr'><strong>cures</strong></span> <span class='ocrx_word' id='word_1_182' title='bbox 544 2943 558 2978; x_wconf 90' lang='lat' dir='ltr'><strong>c</strong></span> <span class='ocrx_word' id='word_1_183' title='bbox 575 2935 677 2994; x_wconf 87' lang='lat' dir='ltr'><strong>pectore</strong></span> <span class='ocrx_word' id='word_1_184' title='bbox 694 2930 803 2980; x_wconf 86' lang='lat' dir='ltr'><strong>solvat.“</strong></span> <span class='ocrx_word' id='word_1_185' title='bbox 841 2931 871 2979; x_wconf 91' lang='lat' dir='ltr'><strong>ln</strong></span> <span class='ocrx_word' id='word_1_186' title='bbox 889 2944 979 2981; x_wconf 89' lang='lat' dir='ltr'><strong>somno</strong></span> <span class='ocrx_word' id='word_1_187' title='bbox 995 2931 1096 2981; x_wconf 84' lang='lat' dir='ltr'><strong>enimus</strong></span> <span class='ocrx_word' id='word_1_188' title='bbox 1113 2945 1172 2995; x_wconf 78' lang='lat' dir='ltr'><strong>pers</strong></span> <span class='ocrx_word' id='word_1_189' title='bbox 1186 2931 1301 2980; x_wconf 78' lang='lat' dir='ltr'><strong>maxime</strong></span> 
     </span>
     <span class='ocr_line' id='line_1_27' title="bbox 179 3014 1299 3080; baseline -0.002 -17"><span class='ocrx_word' id='word_1_190' title='bbox 179 3015 324 3079; x_wconf 83' lang='lat' dir='ltr'><strong>perturbata</strong></span> <span class='ocrx_word' id='word_1_191' title='bbox 343 3021 388 3074; x_wconf 86' lang='lat' dir='ltr'><strong>est,</strong></span> <span class='ocrx_word' id='word_1_192' title='bbox 407 3019 436 3062; x_wconf 92' lang='lat' dir='ltr'><strong>nt</strong></span> <span class='ocrx_word' id='word_1_193' title='bbox 453 3028 519 3078; x_wconf 86' lang='lat' dir='ltr'><strong>ques</strong></span> <span class='ocrx_word' id='word_1_194' title='bbox 537 3014 590 3063; x_wconf 89' lang='lat' dir='ltr'><strong>eius</strong></span> <span class='ocrx_word' id='word_1_195' title='bbox 608 3019 666 3064; x_wconf 83' lang='lat' dir='ltr'><strong>sunt</strong></span> <span class='ocrx_word' id='word_1_196' title='bbox 683 3021 812 3078; x_wconf 79' lang='lat' dir='ltr'><strong>praestare</strong></span> <span class='ocrx_word' id='word_1_197' title='bbox 829 3029 881 3065; x_wconf 90' lang='lat' dir='ltr'><strong>nou</strong></span> <span class='ocrx_word' id='word_1_198' title='bbox 906 3015 1001 3080; x_wconf 88' lang='lat' dir='ltr'><strong>possit:</strong></span> <span class='ocrx_word' id='word_1_199' title='bbox 1025 3015 1092 3063; x_wconf 82' lang='lat' dir='ltr'><strong>iacet</strong></span> <span class='ocrx_word' id='word_1_200' title='bbox 1115 3014 1183 3063; x_wconf 89' lang='lat' dir='ltr'><strong>enirn</strong></span> <span class='ocrx_word' id='word_1_201' title='bbox 1208 3027 1299 3078; x_wconf 91' lang='lat' dir='ltr'><strong>corpus</strong></span> 
     </span>
     <span class='ocr_line' id='line_1_28' title="bbox 179 3095 1300 3164; baseline -0.002 -16"><span class='ocrx_word' id='word_1_202' title='bbox 179 3101 233 3149; x_wconf 87' lang='lat' dir='ltr'><strong>siue</strong></span> <span class='ocrx_word' id='word_1_203' title='bbox 251 3113 336 3150; x_wconf 88' lang='lat' dir='ltr'><strong>seusu.</strong></span> <span class='ocrx_word' id='word_1_204' title='bbox 372 3098 471 3150; x_wconf 78' lang='lat' dir='ltr'><strong>Eodem</strong></span> <span class='ocrx_word' id='word_1_205' title='bbox 495 3109 610 3164; x_wconf 87' lang='lat' dir='ltr'><strong>tempore</strong></span> <span class='ocrx_word' id='word_1_206' title='bbox 632 3113 690 3148; x_wconf 87' lang='lat' dir='ltr'><strong>cum</strong></span> <span class='ocrx_word' id='word_1_207' title='bbox 707 3113 813 3151; x_wconf 82' lang='lat' dir='ltr'><strong>somnne</strong></span> <span class='ocrx_word' id='word_1_208' title='bbox 829 3099 945 3148; x_wconf 85' lang='lat' dir='ltr'><strong>membre</strong></span> <span class='ocrx_word' id='word_1_209' title='bbox 969 3095 1083 3162; x_wconf 81' lang='lat' dir='ltr'><strong>proludit</strong></span> <span class='ocrx_word' id='word_1_210' title='bbox 1109 3109 1200 3156; x_wconf 85' lang='lat' dir='ltr'><strong>„mene</strong></span> <span class='ocrx_word' id='word_1_211' title='bbox 1222 3097 1300 3148; x_wconf 80' lang='lat' dir='ltr'><strong>enimi</strong></span> 
     </span>
     <span class='ocr_line' id='line_1_29' title="bbox 178 3182 1298 3250; baseline -0.001 -17"><span class='ocrx_word' id='word_1_212' title='bbox 178 3185 283 3249; x_wconf 82' lang='lat' dir='ltr'><strong>vigilet“</strong></span> <span class='ocrx_word' id='word_1_213' title='bbox 301 3185 450 3250; x_wconf 83' lang='lat' dir='ltr'><strong>eisdemque</strong></span> <span class='ocrx_word' id='word_1_214' title='bbox 462 3183 604 3234; x_wconf 78' lang='lat' dir='ltr'><strong>simulacris</strong></span> <span class='ocrx_word' id='word_1_215' title='bbox 619 3184 738 3248; x_wconf 85' lang='lat' dir='ltr'><strong>agitetur,</strong></span> <span class='ocrx_word' id='word_1_216' title='bbox 757 3198 823 3249; x_wconf 88' lang='lat' dir='ltr'><strong>quse</strong></span> <span class='ocrx_word' id='word_1_217' title='bbox 841 3197 899 3233; x_wconf 89' lang='lat' dir='ltr'><strong>cum</strong></span> <span class='ocrx_word' id='word_1_218' title='bbox 910 3182 1047 3247; x_wconf 78' lang='lat' dir='ltr'><strong>vigilemus</strong></span> <span class='ocrx_word' id='word_1_219' title='bbox 1059 3183 1086 3233; x_wconf 91' lang='lat' dir='ltr'><strong>in</strong></span> <span class='ocrx_word' id='word_1_220' title='bbox 1098 3183 1212 3233; x_wconf 75' lang='lat' dir='ltr'><strong>animum</strong></span> <span class='ocrx_word' id='word_1_221' title='bbox 1224 3182 1298 3233; x_wconf 88' lang='lat' dir='ltr'><strong>obre-</strong></span> 
     </span>
     <span class='ocr_line' id='line_1_30' title="bbox 178 3267 1299 3334; baseline -0.001 -16"><span class='ocrx_word' id='word_1_222' title='bbox 178 3278 250 3334; x_wconf 90' lang='lat' dir='ltr'><strong>punt.</strong></span> <span class='ocrx_word' id='word_1_223' title='bbox 285 3269 349 3322; x_wconf 89' lang='lat' dir='ltr'><strong>lude</strong></span> <span class='ocrx_word' id='word_1_224' title='bbox 366 3271 402 3332; x_wconf 86' lang='lat' dir='ltr'><strong>iit,</strong></span> <span class='ocrx_word' id='word_1_225' title='bbox 419 3277 447 3322; x_wconf 88' lang='lat' dir='ltr'><strong>ut</strong></span> <span class='ocrx_word' id='word_1_226' title='bbox 464 3269 564 3320; x_wconf 83' lang='lat' dir='ltr'><strong>suimus</strong></span> <span class='ocrx_word' id='word_1_227' title='bbox 582 3270 730 3320; x_wconf 86' lang='lat' dir='ltr'><strong>dormientis</strong></span> <span class='ocrx_word' id='word_1_228' title='bbox 752 3283 840 3322; x_wconf 88' lang='lat' dir='ltr'><strong>omues</strong></span> <span class='ocrx_word' id='word_1_229' title='bbox 860 3268 970 3334; x_wconf 85' lang='lat' dir='ltr'><strong>accipiet</strong></span> <span class='ocrx_word' id='word_1_230' title='bbox 986 3268 1012 3318; x_wconf 93' lang='lat' dir='ltr'><strong>in</strong></span> <span class='ocrx_word' id='word_1_231' title='bbox 1028 3283 1056 3318; x_wconf 89' lang='lat' dir='ltr'><strong>se</strong></span> <span class='ocrx_word' id='word_1_232' title='bbox 1072 3267 1203 3328; x_wconf 81' lang='lat' dir='ltr'><strong>„laetitias</strong></span> <span class='ocrx_word' id='word_1_233' title='bbox 1215 3277 1299 3318; x_wconf 87' lang='lat' dir='ltr'><strong>motus</strong></span> 
     </span>
     <span class='ocr_line' id='line_1_31' title="bbox 178 3351 1298 3420; baseline 0 -16"><span class='ocrx_word' id='word_1_234' title='bbox 178 3361 204 3404; x_wconf 89' lang='lat' dir='ltr'><strong>et</strong></span> <span class='ocrx_word' id='word_1_235' title='bbox 220 3370 293 3406; x_wconf 84' lang='lat' dir='ltr'><strong>curas</strong></span> <span class='ocrx_word' id='word_1_236' title='bbox 311 3355 394 3407; x_wconf 87' lang='lat' dir='ltr'><strong>cordis</strong></span> <span class='ocrx_word' id='word_1_237' title='bbox 412 3355 526 3406; x_wconf 83' lang='lat' dir='ltr'><strong>insuis“.</strong></span> <span class='ocrx_word' id='word_1_238' title='bbox 557 3354 585 3406; x_wconf 88' lang='grc' dir='ltr'><strong>ΙΙΙ</strong></span> <span class='ocrx_word' id='word_1_239' title='bbox 606 3354 655 3405; x_wconf 86' lang='grc'><strong>116</strong></span> <span class='ocrx_word' id='word_1_240' title='bbox 680 3353 720 3404; x_wconf 88' lang='lat' dir='ltr'><strong>lV</strong></span> <span class='ocrx_word' id='word_1_241' title='bbox 737 3353 787 3406; x_wconf 82' lang='lat'><strong>962</strong></span> <span class='ocrx_word' id='word_1_242' title='bbox 805 3368 860 3420; x_wconf 89' lang='lat' dir='ltr'><strong>sqq.</strong></span> <span class='ocrx_word' id='word_1_243' title='bbox 906 3351 990 3403; x_wconf 87' lang='lat' dir='ltr'><strong>Versu</strong></span> <span class='ocrx_word' id='word_1_244' title='bbox 1008 3360 1093 3402; x_wconf 88' lang='lat' dir='ltr'><strong>sutem</strong></span> <span class='ocrx_word' id='word_1_245' title='bbox 1112 3353 1164 3408; x_wconf 85' lang='lat'><strong>908</strong></span> <span class='ocrx_word' id='word_1_246' title='bbox 1180 3368 1298 3404; x_wconf 85' lang='lat' dir='ltr'><strong>somnum</strong></span> 
     </span>
     <span class='ocr_line' id='line_1_32' title="bbox 178 3437 1297 3508; baseline 0.001 -19"><span class='ocrx_word' id='word_1_247' title='bbox 178 3447 311 3506; x_wconf 82' lang='lat' dir='ltr'><strong>spectare</strong></span> <span class='ocrx_word' id='word_1_248' title='bbox 330 3439 408 3490; x_wconf 83' lang='lat' dir='ltr'><strong>enimi</strong></span> <span class='ocrx_word' id='word_1_249' title='bbox 425 3455 498 3492; x_wconf 84' lang='lat' dir='ltr'><strong>curas</strong></span> <span class='ocrx_word' id='word_1_250' title='bbox 518 3440 665 3505; x_wconf 82' lang='lat' dir='ltr'><strong>eripientem</strong></span> <span class='ocrx_word' id='word_1_251' title='bbox 690 3446 767 3506; x_wconf 80' lang='lat' dir='ltr'><strong>poeta</strong></span> <span class='ocrx_word' id='word_1_252' title='bbox 784 3439 921 3503; x_wconf 82' lang='lat' dir='ltr'><strong>praedicat.</strong></span> <span class='ocrx_word' id='word_1_253' title='bbox 965 3437 1049 3508; x_wconf 81' lang='lat' dir='ltr'><strong>Quum</strong></span> <span class='ocrx_word' id='word_1_254' title='bbox 1075 3439 1297 3500; x_wconf 76' lang='lat' dir='ltr'><strong>inconcinnitatem</strong></span> 
     </span>
     <span class='ocr_line' id='line_1_33' title="bbox 178 3525 1297 3592; baseline -0.002 -18"><span class='ocrx_word' id='word_1_255' title='bbox 178 3531 206 3574; x_wconf 93' lang='lat' dir='ltr'><strong>ut</strong></span> <span class='ocrx_word' id='word_1_256' title='bbox 225 3533 368 3590; x_wconf 87' lang='lat' dir='ltr'><strong>removeret</strong></span> <span class='ocrx_word' id='word_1_257' title='bbox 392 3525 587 3578; x_wconf 84' lang='lat' dir='ltr'><strong>Beckemueller</strong></span> <span class='ocrx_word' id='word_1_258' title='bbox 611 3525 748 3592; x_wconf 87' lang='lat' dir='ltr'><strong>legendum</strong></span> <span class='ocrx_word' id='word_1_259' title='bbox 773 3539 828 3574; x_wconf 88' lang='lat' dir='ltr'><strong>esse</strong></span> <span class='ocrx_word' id='word_1_260' title='bbox 859 3525 977 3590; x_wconf 80' lang='lat' dir='ltr'><strong>opinatus</strong></span> <span class='ocrx_word' id='word_1_261' title='bbox 1003 3531 1041 3586; x_wconf 81' lang='lat' dir='ltr'><strong>est</strong></span> <span class='ocrx_word' id='word_1_262' title='bbox 1064 3526 1182 3587; x_wconf 79' lang='lat' dir='ltr'><strong>„enimse</strong></span> <span class='ocrx_word' id='word_1_263' title='bbox 1205 3525 1297 3574; x_wconf 82' lang='lat' dir='ltr'><strong>vires.“</strong></span> 
     </span>
     <span class='ocr_line' id='line_1_34' title="bbox 178 3605 1300 3676; baseline 0.004 -18"><span class='ocrx_word' id='word_1_264' title='bbox 178 3610 207 3660; x_wconf 90' lang='lat' dir='ltr'><strong>In</strong></span> <span class='ocrx_word' id='word_1_265' title='bbox 225 3611 308 3661; x_wconf 83' lang='lat' dir='ltr'><strong>verbis</strong></span> <span class='ocrx_word' id='word_1_266' title='bbox 326 3617 410 3660; x_wconf 84' lang='lat' dir='ltr'><strong>nutem</strong></span> <span class='ocrx_word' id='word_1_267' title='bbox 428 3611 524 3672; x_wconf 84' lang='lat' dir='ltr'><strong>„animi</strong></span> <span class='ocrx_word' id='word_1_268' title='bbox 542 3611 633 3660; x_wconf 80' lang='lat' dir='ltr'><strong>curss“</strong></span> <span class='ocrx_word' id='word_1_269' title='bbox 659 3625 724 3676; x_wconf 83' lang='lat' dir='ltr'><strong>quse</strong></span> <span class='ocrx_word' id='word_1_270' title='bbox 751 3609 794 3660; x_wconf 90' lang='lat' dir='ltr'><strong>ille</strong></span> <span class='ocrx_word' id='word_1_271' title='bbox 811 3609 941 3662; x_wconf 86' lang='lat' dir='ltr'><strong>incondite</strong></span> <span class='ocrx_word' id='word_1_272' title='bbox 959 3609 1033 3660; x_wconf 84' lang='lat' dir='ltr'><strong>vertit</strong></span> <span class='ocrx_word' id='word_1_273' title='bbox 1061 3605 1233 3675; x_wconf 72' lang='lat' dir='ltr'><strong>„fuitfotgltdpt</strong></span> <span class='ocrx_word' id='word_1_274' title='bbox 1251 3605 1300 3665; x_wconf 71' lang='lat' dir='ltr'><strong>tels</strong></span> 
     </span>
     <span class='ocr_line' id='line_1_35' title="bbox 178 3693 1298 3762; baseline -0.002 -16"><span class='ocrx_word' id='word_1_275' title='bbox 178 3698 239 3762; x_wconf 78' lang='lat' dir='ltr'><strong>turtg</strong></span> <span class='ocrx_word' id='word_1_276' title='bbox 259 3698 299 3748; x_wconf 81' lang='lat' dir='ltr'><strong>ue</strong></span> <span class='ocrx_word' id='word_1_277' title='bbox 318 3693 431 3758; x_wconf 54' lang='lat' dir='ltr'><strong>&amp;tributu</strong></span> <span class='ocrx_word' id='word_1_278' title='bbox 448 3697 521 3747; x_wconf 87' lang='lat' dir='ltr'><strong>nulla</strong></span> <span class='ocrx_word' id='word_1_279' title='bbox 539 3704 577 3746; x_wconf 92' lang='lat' dir='ltr'><strong>est</strong></span> <span class='ocrx_word' id='word_1_280' title='bbox 589 3693 705 3746; x_wconf 84' lang='lat' dir='ltr'><strong>offensio.</strong></span> <span class='ocrx_word' id='word_1_281' title='bbox 741 3695 886 3746; x_wconf 81' lang='lat' dir='ltr'><strong>cumcuim</strong></span> <span class='ocrx_word' id='word_1_282' title='bbox 900 3709 932 3746; x_wconf 80' lang='lat' dir='ltr'><strong>ex</strong></span> <span class='ocrx_word' id='word_1_283' title='bbox 944 3694 1044 3760; x_wconf 76' lang='lat' dir='ltr'><strong>vulgari</strong></span> <span class='ocrx_word' id='word_1_284' title='bbox 1055 3695 1180 3746; x_wconf 87' lang='lat' dir='ltr'><strong>sententis</strong></span> <span class='ocrx_word' id='word_1_285' title='bbox 1193 3709 1298 3745; x_wconf 87' lang='lat' dir='ltr'><strong>somnus</strong></span> 
     </span>
     <span class='ocr_line' id='line_1_36' title="bbox 179 3779 1332 3854; baseline -0.003 -24"><span class='ocrx_word' id='word_1_286' title='bbox 179 3782 257 3831; x_wconf 82' lang='lat' dir='ltr'><strong>animi</strong></span> <span class='ocrx_word' id='word_1_287' title='bbox 275 3796 348 3830; x_wconf 88' lang='lat' dir='ltr'><strong>curas</strong></span> <span class='ocrx_word' id='word_1_288' title='bbox 366 3788 443 3846; x_wconf 85' lang='lat' dir='ltr'><strong>atque</strong></span> <span class='ocrx_word' id='word_1_289' title='bbox 461 3782 645 3834; x_wconf 88' lang='lat' dir='ltr'><strong>sollicitudines</strong></span> <span class='ocrx_word' id='word_1_290' title='bbox 664 3789 793 3846; x_wconf 89' lang='lat' dir='ltr'><strong>spectore</strong></span> <span class='ocrx_word' id='word_1_291' title='bbox 811 3781 912 3832; x_wconf 86' lang='lat' dir='ltr'><strong>demere</strong></span> <span class='ocrx_word' id='word_1_292' title='bbox 929 3785 1070 3846; x_wconf 83' lang='lat' dir='ltr'><strong>putaretur,</strong></span> <span class='ocrx_word' id='word_1_293' title='bbox 1088 3787 1147 3854; x_wconf 79' lang='lat' dir='ltr'><strong>¹apte</strong></span> <span class='ocrx_word' id='word_1_294' title='bbox 1165 3779 1297 3830; x_wconf 82' lang='lat' dir='ltr'><strong>Lucretius</strong></span> <span class='ocrx_word' id='word_1_295' title='bbox 1316 3785 1332 3822; x_wconf 82' lang='lat' dir='ltr'><strong>t·</strong></span> 
     </span>
     <span class='ocr_line' id='line_1_37' title="bbox 177 3865 1294 3934; baseline -0.003 -19"><span class='ocrx_word' id='word_1_296' title='bbox 177 3867 244 3916; x_wconf 86' lang='lat' dir='ltr'><strong>hanc</strong></span> <span class='ocrx_word' id='word_1_297' title='bbox 262 3868 471 3918; x_wconf 89' lang='lat' dir='ltr'><strong>cousuetudinem</strong></span> <span class='ocrx_word' id='word_1_298' title='bbox 488 3868 514 3916; x_wconf 92' lang='lat' dir='ltr'><strong>in</strong></span> <span class='ocrx_word' id='word_1_299' title='bbox 532 3867 600 3916; x_wconf 88' lang='lat' dir='ltr'><strong>illius</strong></span> <span class='ocrx_word' id='word_1_300' title='bbox 619 3867 698 3934; x_wconf 85' lang='lat' dir='ltr'><strong>partis</strong></span> <span class='ocrx_word' id='word_1_301' title='bbox 716 3865 799 3916; x_wconf 78' lang='lat' dir='ltr'><strong>fronte</strong></span> <span class='ocrx_word' id='word_1_302' title='bbox 816 3865 842 3914; x_wconf 92' lang='lat' dir='ltr'><strong>in</strong></span> <span class='ocrx_word' id='word_1_303' title='bbox 860 3879 934 3914; x_wconf 87' lang='lat' dir='ltr'><strong>sunm</strong></span> <span class='ocrx_word' id='word_1_304' title='bbox 954 3879 1027 3915; x_wconf 84' lang='lat' dir='ltr'><strong>usum</strong></span> <span class='ocrx_word' id='word_1_305' title='bbox 1046 3866 1182 3926; x_wconf 85' lang='lat' dir='ltr'><strong>convertit,</strong></span> <span class='ocrx_word' id='word_1_306' title='bbox 1205 3877 1294 3930; x_wconf 83' lang='lat' dir='ltr'><strong>quem·</strong></span> 
     </span>
     <span class='ocr_line' id='line_1_38' title="bbox 178 3949 1296 4018; baseline -0.004 -18"><span class='ocrx_word' id='word_1_307' title='bbox 178 3965 255 4015; x_wconf 81' lang='lat' dir='ltr'><strong>quem</strong></span> <span class='ocrx_word' id='word_1_308' title='bbox 277 3949 343 4000; x_wconf 83' lang='lat' dir='ltr'><strong>inire</strong></span> <span class='ocrx_word' id='word_1_309' title='bbox 365 3953 391 4001; x_wconf 92' lang='lat' dir='ltr'><strong>iu</strong></span> <span class='ocrx_word' id='word_1_310' title='bbox 407 3951 585 4016; x_wconf 84' lang='lat' dir='ltr'><strong>philosophice</strong></span> <span class='ocrx_word' id='word_1_311' title='bbox 610 3957 682 4016; x_wconf 84' lang='lat' dir='ltr'><strong>perte</strong></span> <span class='ocrx_word' id='word_1_312' title='bbox 705 3952 782 4018; x_wconf 81' lang='lat' dir='ltr'><strong>plene</strong></span> <span class='ocrx_word' id='word_1_313' title='bbox 800 3951 954 4000; x_wconf 75' lang='lat' dir='ltr'><strong>corbariam</strong></span> <span class='ocrx_word' id='word_1_314' title='bbox 978 3951 1131 4001; x_wconf 86' lang='lat' dir='ltr'><strong>sententium</strong></span> <span class='ocrx_word' id='word_1_315' title='bbox 1155 3951 1188 3998; x_wconf 88' lang='lat' dir='ltr'><strong>de</strong></span> <span class='ocrx_word' id='word_1_316' title='bbox 1205 3962 1296 3999; x_wconf 90' lang='lat' dir='ltr'><strong>somno</strong></span> 
     </span>
     <span class='ocr_line' id='line_1_39' title="bbox 176 4033 1297 4102; baseline -0.002 -18"><span class='ocrx_word' id='word_1_317' title='bbox 176 4036 288 4100; x_wconf 87' lang='lat' dir='ltr'><strong>protulit.</strong></span> <span class='ocrx_word' id='word_1_318' title='bbox 325 4035 365 4086; x_wconf 85' lang='lat' dir='ltr'><strong>Cf.</strong></span> <span class='ocrx_word' id='word_1_319' title='bbox 384 4035 437 4086; x_wconf 84' lang='lat' dir='ltr'><strong>Cic.</strong></span> <span class='ocrx_word' id='word_1_320' title='bbox 457 4037 488 4086; x_wconf 93' lang='lat' dir='ltr'><strong>de</strong></span> <span class='ocrx_word' id='word_1_321' title='bbox 507 4036 567 4098; x_wconf 73' lang='lat' dir='ltr'><strong>diu,</strong></span> <span class='ocrx_word' id='word_1_322' title='bbox 591 4035 696 4088; x_wconf 78' lang='lat'>11150:</span> <span class='ocrx_word' id='word_1_323' title='bbox 731 4035 898 4102; x_wconf 78' lang='lat' dir='ltr'><strong>„Perfugium</strong></span> <span class='ocrx_word' id='word_1_324' title='bbox 923 4035 1023 4086; x_wconf 84' lang='lat' dir='ltr'><strong>videtur</strong></span> <span class='ocrx_word' id='word_1_325' title='bbox 1040 4035 1153 4086; x_wconf 87' lang='lat' dir='ltr'><strong>omniurn</strong></span> <span class='ocrx_word' id='word_1_326' title='bbox 1179 4033 1297 4084; x_wconf 78' lang='lat' dir='ltr'><strong>laborum</strong></span> 
     </span>
     <span class='ocr_line' id='line_1_40' title="bbox 177 4121 1297 4188; baseline -0.002 -20"><span class='ocrx_word' id='word_1_327' title='bbox 177 4128 202 4168; x_wconf 90' lang='lat' dir='ltr'><strong>et</strong></span> <span class='ocrx_word' id='word_1_328' title='bbox 219 4121 420 4172; x_wconf 88' lang='lat' dir='ltr'><strong>sollicitudinum</strong></span> <span class='ocrx_word' id='word_1_329' title='bbox 438 4136 494 4171; x_wconf 89' lang='lat' dir='ltr'><strong>esse</strong></span> <span class='ocrx_word' id='word_1_330' title='bbox 511 4135 624 4172; x_wconf 88' lang='lat' dir='ltr'><strong>somnus.</strong></span> <span class='ocrx_word' id='word_1_331' title='bbox 668 4121 707 4170; x_wconf 87' lang='lat' dir='ltr'><strong>At</strong></span> <span class='ocrx_word' id='word_1_332' title='bbox 728 4136 760 4172; x_wconf 85' lang='lat' dir='ltr'><strong>ex</strong></span> <span class='ocrx_word' id='word_1_333' title='bbox 784 4137 814 4172; x_wconf 91' lang='lat' dir='ltr'><strong>eo</strong></span> <span class='ocrx_word' id='word_1_334' title='bbox 842 4122 897 4186; x_wconf 91' lang='lat' dir='ltr'><strong>ipso</strong></span> <span class='ocrx_word' id='word_1_335' title='bbox 924 4121 1048 4188; x_wconf 84' lang='lat' dir='ltr'><strong>plurimae</strong></span> <span class='ocrx_word' id='word_1_336' title='bbox 1071 4135 1147 4171; x_wconf 83' lang='lat' dir='ltr'><strong>curse</strong></span> <span class='ocrx_word' id='word_1_337' title='bbox 1163 4125 1297 4184; x_wconf 86' lang='lat' dir='ltr'><strong>metusque</strong></span> 
     </span>
     <span class='ocr_line' id='line_1_41' title="bbox 176 4205 1262 4274; baseline 0.003 -21"><span class='ocrx_word' id='word_1_338' title='bbox 176 4208 342 4257; x_wconf 80' lang='lat' dir='ltr'><strong>naseuntur.“</strong></span> <span class='ocrx_word' id='word_1_339' title='bbox 377 4205 510 4258; x_wconf 80' lang='lat' dir='ltr'><strong>Eiusmodi</strong></span> <span class='ocrx_word' id='word_1_340' title='bbox 529 4207 688 4258; x_wconf 82' lang='lat' dir='ltr'><strong>diversitates</strong></span> <span class='ocrx_word' id='word_1_341' title='bbox 707 4207 848 4258; x_wconf 87' lang='lat' dir='ltr'><strong>identidem</strong></span> <span class='ocrx_word' id='word_1_342' title='bbox 866 4209 933 4274; x_wconf 83' lang='lat' dir='ltr'><strong>apud</strong></span> <span class='ocrx_word' id='word_1_343' title='bbox 953 4206 1099 4257; x_wconf 83' lang='lat' dir='ltr'><strong>Lucretium</strong></span> <span class='ocrx_word' id='word_1_344' title='bbox 1117 4211 1262 4256; x_wconf 83' lang='lat' dir='ltr'><strong>occurrunt.</strong></span> 
     </span>
    </p>
   </div>
   <div class='ocr_carea' id='block_1_6' title="bbox 0 0 1494 4722">
    <p class='ocr_par' dir='ltr' id='par_1_6' title="bbox 0 0 1494 4722">
     <span class='ocr_line' id='line_1_42' title="bbox 0 0 1494 4722; baseline 0 4"><span class='ocrx_word' id='word_1_345' title='bbox 0 0 1494 4722; x_wconf 95' lang='lat' dir='ltr'><strong> </strong></span> 
     </span>
    </p>
   </div>
  </div>
 </body>
</html>
