2980 4722
714 299 747 348 41.

655 371 806 380 ——oon

172 503 267 568 Hunc
295 505 415 582 locum,
448 523 544 587 quem
571 523 646 570 suae
673 503 850 569 sententiae
883 505 1008 568 obstare
1034 503 1169 580 videret,
1206 503 1289 566 Loh-

173 625 310 672 mannus
336 607 383 672 ita
410 607 565 689 explicare
595 609 727 674 conatus
757 609 819 671 est:
871 607 950 684 „His
978 605 1158 670 confirmari
1186 606 1292 687 potest

174 711 265 774 nulla
280 711 442 774 sententia
456 711 519 775 nisi
535 711 628 775 haec:
652 711 823 774 simulacra
837 709 964 774 meandi
987 709 1129 773 animum
1145 709 1291 772 nostrum

174 814 321 896 pulsant:
345 813 497 878 indet
441 831 481 896 po
484 815 643 878 ttestas
605 813 652 877 fit.
695 811 769 877 Non
793 831 854 895 quo
877 813 1047 895 depravatu
1069 811 1113 876 sit
1135 810 1293 892 scriptura

173 917 292 1008 quaet
277 915 376 980 tradit
362 919 431 992 tur,
461 915 516 980 sed
538 915 730 998 explicatum
752 916 863 993 hebet,
887 915 1055 980 dummodo
1077 915 1202 997 poetam
1224 915 1291 978 sta-

173 1021 247 1082 tuas
269 1019 317 1083 ita
338 1019 511 1099 cogitasse:
535 1018 707 1083 simulacra
720 1020 851 1100 pulsant
867 1019 1027 1082 animum:
1050 1017 1123 1082 inde
1147 1018 1293 1080 voluntas
1360 1040 1363 1046 ·

172 1122 225 1198 fit,
256 1121 331 1203 quia
358 1138 422 1184 non
445 1121 513 1184 sinc
543 1121 589 1186 eis
620 1121 689 1185 fieri
719 1123 854 1204 potest.“
906 1119 1012 1203 Atque
1034 1123 1120 1186 recta
1142 1137 1175 1184 sa
1197 1119 1294 1183 habat

172 1224 251 1287 haec
273 1223 505 1304 interpretatio,
528 1223 556 1288 si
579 1224 708 1306 quidem
729 1241 839 1288 verum
863 1226 921 1301 est,
949 1225 1144 1288 voluntatem
1168 1220 1294 1286 meandi

173 1326 236 1390 iam
259 1345 329 1390 csse
351 1325 386 1390 in
401 1326 516 1402 animo,
540 1326 698 1404 siminus,
721 1326 754 1390 id
777 1327 860 1408 qnod
883 1325 1062 1391 addubitari
1077 1326 1202 1407 nequit,
1225 1324 1294 1406 ipsa

173 1429 302 1494 corruit.
348 1428 440 1508 Quod
462 1447 534 1492 cum
557 1428 604 1492 ita
626 1429 677 1505 sit,
701 1429 739 1494 de
761 1429 921 1494 libertatis
943 1430 1108 1494 voluntate
1133 1427 1293 1510 quaestio-

174 1550 247 1595 nem
269 1532 303 1595 in
326 1531 408 1595 libro
430 1533 544 1613 quarto
567 1550 602 1596 eo
624 1534 775 1613 putamus
798 1532 902 1614 tangi,
934 1531 1017 1614 quod
1040 1532 1207 1596 Lucretius
1238 1547 1294 1594 vo·

173 1635 332 1698 luntatem
354 1653 418 1698 non
441 1634 574 1698 liberam
597 1652 666 1700 esse
689 1635 833 1700 videatur
863 1634 1017 1700 docuisse.
1068 1635 1165 1699 Recte
1194 1633 1295 1714 igitur

174 1736 311 1817 WoltJ'cr
333 1737 524 1814 observavit,
549 1737 735 1802 Lucretium
759 1737 820 1801 sibi
843 1738 1070 1801 contradicere.
1114 1735 1187 1799 Non
1209 1739 1294 1799 recte

173 1841 280 1903 tannen
302 1839 385 1903 idem
409 1839 457 1903 vir
478 1840 591 1904 doetus
616 1839 751 1916 censuit,
774 1841 896 1904 utiam
919 1841 958 1903 ad
980 1839 1098 1903 librum
1120 1837 1295 1902 secundum

173 1943 356 2018 redeamus
386 1942 425 2005 ad
455 1941 552 2006 resist
538 1941 669 2006 tendum
698 1941 868 2006 resistendi
895 1943 1067 2006 simulacro
1093 1959 1162 2004 csse
1184 1957 1294 2004 neces·

175 2045 266 2108 saria.
312 2043 350 2108 ln
372 2044 422 2108 his
446 2045 530 2108 enirn
553 2045 715 2110 versibus:
754 2113 826 2145 Μ
831 2111 857 2148 r

443 2149 572 2224 „tamen
594 2165 663 2211 esse
686 2148 719 2210 in
742 2116 870 2229 pectore
891 2149 1021 2211 nostro“

174 2249 343 2330 „quiddam
367 2249 450 2332 quod
474 2268 530 2312 oon
533 2252 584 2312 tra
605 2268 748 2331 pugnare
771 2250 961 2332 obstareque
976 2249 1096 2332 possit*
1119 2248 1296 2312 doctrinam

174 2351 211 2416 de
235 2351 519 2433 anticipationibus
549 2352 647 2416 latere
682 2353 809 2435 opinor,
843 2353 959 2434 quibus
993 2352 1136 2430 animus,
1171 2351 1296 2416 etiamsi

176 2455 346 2518 simulacra
367 2473 430 2520 non
453 2455 487 2518 in
510 2473 582 2518 eum
606 2455 789 2533 incurrunt,
818 2457 924 2537 potest
945 2455 1104 2520 resistere.
1148 2453 1295 2536 Namque

176 2557 231 2620 ubi
255 2576 368 2638 corpus
392 2558 422 2620 vi
439 2559 550 2622 vevtara
572 2559 777 2640 propellitur,
808 2559 934 2624 meandi
962 2559 1134 2622 simulacra
1156 2549 1298 2640 quaeque

176 2659 215 2721 ad
239 2663 325 2722 vivent
326 2679 379 2721 nm
402 2660 581 2740 pertinent,
606 2660 785 2725 excitantur
808 2666 840 2724 ct
862 2662 989 2725 animus
1010 2661 1045 2725 in
1047 2663 1097 2725 ter
1120 2677 1156 2724 ee
1177 2660 1297 2724 discer-

177 2761 234 2834 nit,
259 2779 362 2824 tricare
384 2761 464 2824 velit
493 2779 533 2823 an
563 2762 695 2824 resistat
682 2762 950 2839 blndcfit,u
952 2763 1092 2839 anullo
1119 2781 1216 2826 eausa
1244 2779 1297 2826 ex·

177 2862 335 2926 trinsecus
358 2863 470 2938 allata,
494 2863 619 2927 animus
642 2883 720 2940 „oon
723 2867 773 2927 tra
794 2883 936 2946 pugnare
959 2865 1030 2928 obst
1017 2871 1166 2946 caveque*
1188 2865 1298 2946 possit.

283 2982 374 3046 Hanc
397 2985 503 3046 autem
519 2983 803 3048 inconcinnitatem
819 2983 967 3048 Lucretio
991 2979 1156 3066 opprobrio
1177 2987 1298 3048 vertere

177 3086 265 3149 naias
289 3103 358 3148 esse
379 3088 539 3166 putamus.
594 3083 727 3150 Constat
757 3085 841 3150 enim
875 3087 980 3168 ipsum
1002 3087 1177 3168 Epicurum
1200 3088 1300 3150 totam

176 3188 329 3269 physicen
354 3191 516 3270 terraquam
540 3187 690 3252 ancillam
713 3187 833 3252 ethices
863 3189 1013 3254 habuisse
1042 3192 1075 3254 et
1104 3208 1122 3252 a
1149 3189 1301 3252 canonica

177 3307 271 3371 quam
296 3291 429 3354 inaxime
453 3309 486 3354 se
510 3291 713 3355 abstinuisse.
759 3289 844 3370 Quid
867 3293 967 3374 igitur
985 3291 1111 3368 mirum,
1134 3291 1218 3372 quod
1233 3291 1298 3354 Lu·

177 3393 295 3456 cretius
324 3393 358 3454 in
384 3394 444 3456 hae
473 3391 618 3456 doctrina
644 3393 799 3458 luxuriari
821 3395 938 3470 noluit,
968 3413 1048 3476 quae
1072 3412 1143 3458 eum
1171 3394 1299 3456 omnino

178 3494 319 3558 difficilis
344 3495 387 3558 sit
409 3493 577 3576 explicatu,
601 3498 670 3559 tum
694 3515 712 3560 a
733 3499 899 3578 poctarum
923 3497 1048 3561 dicendi
1064 3513 1180 3578 genere
1202 3497 1298 3560 vehe-

177 3601 301 3676 menter
324 3597 500 3672 abhorreat,
524 3601 556 3660 et
579 3583 656 3660 satis
679 3599 800 3676 habuit,
822 3599 1015 3680 primoribus
1038 3598 1135 3663 labris
1151 3617 1218 3662 eam
1242 3597 1297 3662 dc·

177 3702 322 3780 gustasse
346 3703 378 3762 ct
401 3699 492 3780 quasi
514 3699 558 3801 in)
571 3698 759 3764 transcursu
781 3701 970 3782 gravissima
992 3701 1152 3766 doctrinae
1180 3701 1300 3765 indicia

177 3803 210 3864 in
235 3802 375 3865 carmine
398 3802 554 3882 tetigisse.
608 3803 652 3866 lix
675 3803 797 3866 duobus
828 3804 913 3867 enim
936 3803 1014 3867 locis
1037 3805 1121 3868 inter
1143 3821 1176 3868 se
1200 3805 1297 3867 colla-

177 3905 219 3968 tis
244 3923 330 3968 mera
352 3905 483 3985 llpicuri
505 3899 650 3968 doctrina
671 3908 777 3987 potest
800 3907 917 3986 colligi,
942 3925 1015 3970 oum
1038 3907 1119 3970 alter
1142 3906 1298 3983 ostendat,

176 4007 375 4071 voluntatem
399 4007 661 4090 cogitationibus,
695 4008 728 4072 id
755 4012 805 4072 cst
834 4009 1076 4074 simulacrorum
1105 4009 1297 4086 incursione,

178 4109 270 4184 oriri,
301 4111 383 4188 alter
412 4109 554 4174 animum
582 4109 647 4174 vim
676 4112 805 4189 habere,
833 4130 896 4194 qua
921 4111 973 4176 his
995 4112 1183 4176 simulacris·
1197 4111 1299 4192 possit

178 4209 311 4276 obstare.
363 4213 483 4276 Tamen
506 4212 626 4294 siquis
649 4212 738 4276 illam
761 4213 978 4278 diversitatem
1010 4214 1143 4278 carmini
1165 4215 1298 4296 aposta
