2980 4722
774 268 808 320 2⁴

233 503 298 562 τα,
339 473 451 561 τέλος
492 466 536 549 δὲ
576 470 641 550 ὅτι
682 475 830 566 καλεῖς
870 476 998 553 τοῦτο
1039 473 1257 554 ἀναλύεται
1298 472 1351 552 τοὶ

232 594 380 672 πάντα.
405 600 477 682 (¹„ex
497 600 590 666 initio
606 602 788 684 repetitum*
811 621 862 682 pg.
879 602 944 684 65.)

234 725 301 789 13.
327 723 382 785 18:
411 710 518 792 ὥστε
551 711 623 792 cdv
659 715 746 819 εἴας)
775 713 940 814 ἄτομοκ
976 713 1226 818 ἄθραυστον
1252 714 1352 810 λέγει

232 842 300 917 καλ
318 832 702 931 οἷκοθῆοῖμετογοκ
729 835 860 912 κενοῦ·
889 832 953 912 ὅτι
980 827 1025 912 δέ
1050 839 1167 911 ἔστιν
1193 836 1353 933 ἄτομος

234 955 360 1057 σαφὲς
398 954 464 1031 καλ
498 951 576 1054 γάρ
612 957 701 1030 ἐστι
735 956 928 1053 στοιχεῖα
965 951 1025 1031 αἐλ
1053 952 1155 1032 ὄντα
1182 962 1251 1032 καλ
1278 956 1353 1056 ζῷα

233 1072 332 1155 usuc*
359 1082 426 1150 καὶ
453 1071 474 1169 ἡ
500 1069 645 1169 μοκύς.
674 1082 739 1162 (pg.
763 1081 813 1144 61.
837 1081 891 1161 65)

236 1205 250 1266 l
274 1202 324 1265 11.
348 1204 385 1264 3:
412 1190 507 1270 ὥστ’
526 1189 623 1270 εἶναι
650 1189 728 1269 cdv
744 1189 907 1289 κόσμον
927 1196 1045 1290 σῶμα
1070 1202 1135 1282 (pg.
1159 1203 1209 1266 61.
1233 1202 1297 1282 65).

233 1320 376 1387 1117:
410 1307 518 1388 ὥστε
552 1310 602 1387 ού
641 1309 690 1388 τύ
719 1309 823 1389 αύτό
851 1310 951 1389 εἶναι
980 1310 1029 1390 τύ
1057 1313 1156 1390 ὅλον
1183 1320 1252 1388 καλ
1277 1309 1356 1389 τόκ

232 1431 396 1531 κόσμον
435 1439 499 1518 (ns-
523 1437 586 1520 65)·

232 1565 247 1628 Ι
272 1565 320 1628 13.
347 1545 424 1627 1εὸ
451 1554 540 1627 ε’στι
570 1547 802 1646 στρογγύλα
827 1557 890 1636 (pg.
915 1555 979 1636 65).

234 1679 282 1742 De
305 1677 371 1740 [3.
403 1677 460 1738 18:
488 1662 588 1745 εἶναι
617 1661 662 1744 δὲ
689 1662 794 1743 adad
822 1663 924 1766 λόγῳ
963 1663 1157 1766 θεωρητά
1190 1711 1241 1719 -
1272 1657 1354 1744 idea

234 1783 278 1866 δὲ
305 1793 421 1887 ἔχειν
448 1783 648 1885 σχήματα
668 1783 769 1885 λόγῳ
799 1783 992 1886 θεωρητά
1015 1793 1080 1874 (pg.
1104 1793 1271 1880 285286.
1302 1794 1355 1872 65)

235 1915 396 1980 Dielesius
418 1915 561 1994 ambigit.
608 1913 806 1992 Quibuscum
828 1915 855 1978 si
878 1912 1067 2004 contuleris:
1092 1913 1107 1976 Ι
1129 1915 1201 1978 59
1239 1899 1265 1980 οἳ
1304 1903 1356 2002 ἦν

231 2023 332 2126 λόγῳ
362 2023 556 2127 θεωρητοὶ
582 2019 719 2124 μόρια·
749 2023 799 2102 ού
825 2023 903 2126 yde
932 2021 988 2101 de}
1015 2021 1154 2102 πάντα
1181 2029 1250 2100 ἐπὶ
1276 2020 1355 2120 τήν

234 2143 439 2245 αἴσθησιν
465 2143 645 2242 οἷκάγεικ,
673 2141 738 2222 ὅτι
765 2141 893 2244 ἄρτος
920 2153 988 2222 καλ
1015 2141 1064 2222 τύ
1091 2134 1198 2244 ὕδωρ
1225 2145 1355 2220 ταῦτα

233 2261 531 2349 κατασκευάζει,
559 2263 638 2340 ἄλλ’
678 2267 724 2339 ἐκ
750 2261 916 2355 τούτοις
944 2269 1036 2341 ε’στλ
1062 2261 1165 2361 λόγῳ
1196 2263 1356 2360 θεωρη-

234 2380 287 2460 τοὲ
313 2383 441 2484 μόρια
465 2390 529 2473 (pg.
554 2391 639 2472 279),
655 2389 670 2452 Ι
688 2391 737 2456 11.
761 2391 797 2454 2:
827 2381 850 2460 ὅ
877 2387 967 2461 ἐστι
993 2385 1090 2474 κούς
1118 2390 1183 2472 (pg.
1206 2389 1282 2470 309)
1310 2385 1355 2451 IV

235 2512 335 2574 311:
360 2506 383 2580 ὅ
411 2503 460 2600 ἤκ
488 2503 603 2602 αύτῷ
628 2499 900 2602 crudescente,
924 2529 997 2576 cum
1025 2510 1088 2573 alia
1116 2509 1271 2574 eiusmodi
1300 2527 1354 2572 er-

235 2623 341 2703 empla
373 2603 494 2703 (ὥστε
518 2647 568 2658 ···-
588 2606 625 2702 ὅ)
648 2640 712 2684 nun
734 2621 849 2699 adsint,
871 2641 996 2686 mecum
1017 2623 1096 2686 haee
1118 2621 1214 2686 verba
1244 2620 1353 2684 subdi·

235 2724 311 2788 licia
347 2741 415 2788 esse
449 2723 660 2805 suspicabare.
718 2723 871 2788 Attamen
909 2724 993 2806 apud
1026 2723 1198 2788 Stcbaeum
1231 2742 1355 2806 quoque

236 2829 361 2892 exstant
398 2825 491 2890 verba
520 2821 670 2910 ,μοῦτο
705 2811 790 2915 δ’ἤν
824 2817 935 2918 αύτῷ
975 2815 1025 2898 vo*
1066 2817 1356 2916 αι’σιλιγτικόκ.“

235 2931 322 2993 Haec
350 2947 386 2994 ex
409 2928 516 2992 eodem
539 2929 626 2992 fonte
650 2928 824 3007 fluxerunt,
847 2929 997 3010 queniam
1019 2929 1081 2996 duc
1106 2929 1190 2992 idem
1212 2947 1276 2992 non
1298 2947 1354 3010 po·

235 3034 369 3096 tuerunt
390 3031 591 3112 interpolare.
637 3029 724 3108 Quae
746 3049 797 3094 res
818 3030 920 3094 obiter
941 3031 1121 3096 intuentem
1144 3030 1236 3094 facile
1259 3029 1352 3094 tellit.

235 3133 347 3214 Neque
376 3151 448 3196 vero
472 3150 523 3195 mc
546 3131 584 3196 de
606 3131 666 3195 hac
688 3151 723 3196 re
737 3133 801 3196 -diu
824 3133 1018 3214 cogitantem
1040 3149 1118 3195 ansa
1139 3132 1265 3209 defecit,
1290 3151 1355 3214 qua

236 3235 453 3316 quaestionem
483 3234 562 3298 solvi
590 3252 681 3316 posse
712 3235 865 3298 videbam.
916 3234 1139 3313 Quaerendum
1169 3235 1254 3298 enim
1276 3234 1356 3298 mihi

236 3356 304 3402 esse
332 3337 491 3413 intellexi,
519 3339 593 3400 utra
621 3338 781 3401 sententia
808 3336 977 3418 pristinam
1006 3337 1138 3402 sormam
1175 3326 1357 3413 servaverit,

236 3440 402 3504 Plutarchi
424 3458 465 3504 an
488 3437 622 3504 Stebaei.
676 3438 715 3502 In
748 3441 807 3504 hac
839 3440 1024 3520 quaestione
1058 3440 1260 3508 diiudicanda
1292 3457 1356 3503 nun

237 3542 312 3606 adeo
340 3560 450 3605 sumus
484 3541 648 3620 destituti,
671 3546 709 3607 ut
731 3541 946 3606 coniecturam
968 3543 1143 3624 periclitari
1165 3561 1230 3607 non
1252 3543 1356 3606 liceat.

238 3643 319 3708 Cum
347 3644 432 3708 enim
462 3645 628 3728 Plutarchi
657 3646 763 3708 lucum
793 3645 914 3708 duobus
937 3645 1078 3709 hiatibus
1101 3645 1261 3726 insignem
1289 3663 1356 3708 esse

238 3745 422 3826 viderem⁸⁶)
445 3730 468 3807 ὅ
495 3729 545 3829 ἤκ
572 3730 691 3832 αύτῷ
718 3729 986 3830 αἰσθητικόν,
1025 3750 1108 3812 hanc
1151 3745 1357 3811 additamenti

240 3848 375 3912 formam
404 3849 588 3931 primariam
619 3849 719 3914 fuisse
749 3849 880 3912 conieci.
932 3848 1068 3915 Nullum
1098 3850 1184 3914 enim
1212 3849 1357 3913 nevimus

344 4105 380 4171 ⁸⁸)
397 4104 533 4158 Beusclsr:
563 4105 604 4156 Dc
616 4105 688 4156 hiatu
705 4105 892 4158 incusatoribus
911 4106 994 4157 atticis
1013 4113 1039 4157 ct
1055 4105 1290 4173 historiclstgraecir
1301 4106 1359 4156 libri

240 4191 299 4241 duc.
336 4190 473 4256 Fribergcc
493 4191 567 4244 1841.
585 4207 628 4258 pg.
647 4192 706 4244 514.
