2980 4722
697 295 844 394 13‘¹

154 511 388 589 inrotatum,
424 511 509 594 quod
544 514 608 582 ost,
626 513 781 589 „eunota‘i
818 513 851 575 et
886 510 921 574 in
957 509 1096 574 editione
1133 510 1275 574 Lueretii

154 615 431 707 carminisiooum
463 613 552 685 dedit
579 613 779 680 oonieoturao
808 613 967 691 „iuuota‘t
1019 611 1139 676 Causae
1168 615 1275 677 autam
1315 611 1326 648 r

154 735 233 799 3333
256 715 350 786 affort
371 716 509 783 lautores
529 719 606 782 suut
628 718 661 782 et
682 715 791 780 falsae.
842 713 892 780 Sit
920 715 998 780 satis
1022 715 1061 778 ad
1082 734 1154 778 eum
1177 715 1274 779 reial-

154 820 284 886 lendum
306 835 452 900 repoosre
475 818 514 884 ad
540 837 670 896 versum·
695 819 768 884 268.
818 816 916 882 Illum
943 817 1139 899 pronominis
1166 818 1274 899 „quis-

155 928 235 1005 333“.
262 941 356 996 usum
370 970 373 978 ,
386 940 427 988 ne
457 921 529 1003 quis
552 938 570 984 a
592 920 740 986 Lueretio
774 920 915 984 alianum
943 937 1011 984 ossa
1034 920 1273 1002 3313311133-

155 1043 215 1108 que
238 1025 455 1097 oonieoturam
476 1039 581 1092 meam
601 1023 752 1100 reiterat,
774 1023 808 1086 in
833 1041 926 1088 usum
948 1022 1143 1104 pronominis
1166 1023 1274 1106 „quis-

155 1133 235 1210 333·ι
273 1127 358 1209 apud
387 1125 574 1193 Lucretium
600 1125 764 1206 *inquirere
801 1123 1013 1190 instituimus.
1071 1125 1133 1189 Tot
1169 1128 1275 1190 autem

154 1231 346 1302 ooeuraruut
366 1229 428 1294 looi
451 1227 506 1310 qui
529 1246 602 1294 eum
624 1227 794 1294 confimare
815 1227 998 1304 videantur,
1031 1230 1144 1292 utens
1167 1247 1275 1292 omnes

155 1331 267 1401 afferre
289 1331 560 1414 supersedeamus.
605 1329 691 1394 Setis
707 1332 809 1394 sunto
830 1331 975 1412 ereurpia
995 1331 1090 1394 haee:

184 1451 284 1515 1218
307 1470 400 1530 „nam
422 1451 450 1514 si
473 1449 549 1532 quid
572 1449 744 1512 mortales
767 1450 892 1513 eunetis
915 1451 1059 1530 partibus
1083 1452 1167 1515 esset

204 1582 207 1592 ·
308 1572 365 1633 ,33
387 1553 489 1618 oouiis
511 1571 572 1616 res
595 1569 772 1634 quaeque
794 1556 925 1634 repente
949 1556 1058 1635 erepta
1078 1553 1226 1635 periret.“

183 1656 199 1719 I
221 1657 280 1720 541
305 1659 399 1734 „ante
414 1657 474 1720 huo
490 1655 529 1719 ad
543 1655 648 1718 nilum
662 1655 790 1736 penitus
805 1673 871 1718 res
888 1671 1066 1738 quaeque
1088 1656 1276 1720 radisseirt.“

182 1759 199 1822 Ι
221 1761 283 1823 562
305 1759 473 1842 „quoniam
496 1757 585 1820 refioi
607 1773 686 1820 rem
708 1756 945 1840 quamqueii‘)
968 1757 1131 1822 3113333*ι

83 1852 150 1936 usqi
184 1861 283 1926 1995
306 1877 452 1944 „sempor
477 1861 518 1923 in
540 1859 673 1923 adsiduo
694 1863 783 1923 motu
805 1873 867 1923 res
890 1873 1075 1941 quaeque
1098 1863 1278 1940 geruntur*

171 1965 202 2027 Π
243 1967 285 2028 68
308 1964 478 2046 „quoniam
499 1962 603 2025 minui
624 1975 704 2024 rouo
728 1979 919 2043 quemque
940 1962 1115 2028 videmus.“

171 2066 203 2128 11
226 2068 288 2129 233
311 2067 497 2146 „propterea
519 2063 594 2146 quiu
609 2081 723 2145 eorpus
745 2075 845 2146 equas
867 2067 1045 2146 naturaque
1068 2065 1175 2129 tenuis

178 2189 180 2200 ¹
242 2217 244 2224 ‚
307 2167 409 2246 „soris
432 2151 516 2230 haud
530 2168 665 2248 possunt
680 2183 778 2247 aeque
801 2185 884 2230 rem
906 2185 1107 2249 quamque
1129 2167 1276 2232 moreri.“

263 2269 507 2334 Taedet-etiam
535 2269 647 2332 inulti-s
676 2269 828 2350 exemplis
859 2271 1106 2334 erlidetorum
1133 2271 1276 2352 apidibus

155 2373 301 2455 repetitis
324 2372 534 2454 eomprobara
559 2371 715 2436 eiusmodi
738 2371 852 2436 menda
874 2373 1043 2455 („nunotu‘⁴
1065 2391 1122 2455 pro
1144 2389 1275 2454 „quem-

156 2478 250 2558 qus‘)
288 2475 459 2540 inlibris
487 2475 614 2556 seriptis
647 2474 801 2552 inveniri,
838 2491 1031 2556 quamquam
1063 2493 1127 2538 uon
1160 2475 1278 2539 dosunt

156 2579 275 2642 nostris
294 2579 423 2660 quidem
445 2577 640 2660 temporibus
663 2577 847 2659 phidologi‚·
865 2577 920 2658 qui
949 2579 1072 2642 nullam
1103 2578 1276 2642 adrnittant

156 2682 380 2758 oonieoturam
402 2679 476 2744 nisi}
491 2683 591 2744 autea*
607 2695 677 2743 eam
699 2681 779 2743 satis
794 2680 906 2744 multis
929 2682 1082 2762 exemplis
1105 2681 1274 2744 3331333-

156 2785 248 2848 ueris.
302 2783 426 2863 Quibus
449 2783 527 2846 satis
549 2782 606 2844 fiat
628 2781 744 2844 additis
772 2781 850 2845 loeis
872 2781 905 2844 11
927 2782 985 2846 721

476 2888 650 2966 „eumquo“
673 2901 729 2964 pro
752 2889 949 2966 „quamque“
1001 2901 1003 2920 ³
1076 2897 1088 2919 ²
1180 2911 1181 2918 ¹

198 2987 231 3050 ΙΙ
252 2988 314 3053 905
337 2992 511 3070 „eumqua‘
533 3005 590 3069 pro
611 2989 766 3064 „ouuota“

197 3090 314 3184 11943
336 3109 516 3174 „quamquo
537 3091 690 3158 tuentur“
713 3107 770 3171 pru
793 3091 1089 3168 „oenouterauturtt

189 3241 190 3250 1
212 3257 214 3264 ,
262 3194 439 3277 Postquam
459 3193 649 3260 hoouitiuua
670 3193 705 3256 in
719 3209 816 3260 uersu
830 3194 892 3258 238
907 3193 1273 3258 deteximussinoeram-

157 3315 217 3378 que
240 3298 430 3379 ‚scripturam
451 3296 664 3373 restituimus,
687 3295 859 3362 aduersus
881 3300 1050 3378 sequentes
1073 3299 1273 3364 transeamus

199 3399 400 3475 „uiltorum
423 3399 573 3480 quoniam
593 3398 711 3479 resipit
731 3417 821 3465 mens
843 3417 934 3480 posse
957 3417 1069 3464 oreare.
1111 3408 1150 3478 'a
1160 3396 1229 3486 331·
1247 3435 1249 3443 ·
1303 3443 1304 3446 =

200 3500 390 3582 „semiferos
412 3503 517 3568 motus
540 3501 756 3582 quaedamque
779 3503 886 3566 mento
908 3503 1062 3567 volutat.“
1134 3487 1150 3514 ²
1173 3533 1176 3540 .

156 3621 224 3686 Hos
244 3639 354 3685 versus
378 3619 606 3684 Laohmaunus
624 3620 671 3684 ita
691 3621 863 3685 restituere
884 3625 1017 3686 conatus
1040 3624 1106 3686 est:

199 3724 268 3803 „nii
287 3725 402 3789 horum
417 3724 564 3806 quoniam
587 3723 703 3804 rooipit
725 3741 820 3804 quem
841 3741 933 3806 posse
955 3741 1071 3802 oreore,

197 3827 388 3905 „sensiferos
401 3833 515 3892 motus
539 3826 693 3908 quaedam
715 3827 763 3890 tis
786 3827 896 3889 menti'
920 3827 1072 3892 volutat-‘⁴

157 3947 383 4032 Praeterquam
409 3951 517 4012 sutem
545 3947 628 4029 quod
655 3947 734 4011 haas
770 3946 965 4028 pronominis
1001 3947 1126 4012 relativi
1158 3948 1274 4030 positio

258 4154 289 4220 ²⁰)
312 4153 406 4207 Confer
430 4154 577 4206 thesaurum
602 4153 753 4206 Foroollini:
786 4153 949 4215 „Adhibetur
973 4155 1051 4204 331333
1077 4153 1168 4203 eodem
1199 4166 1275 4201 sensu

157 4239 337 4290 adiectiuoruui
355 4246 451 4292 more“.
487 4241 574 4305 (Luor.
594 4238 603 4290 Ι
623 4239 695 4303 562.)
