2980 4722
756 283 789 340 36

214 499 301 565 falli:
331 519 372 564 ne
398 497 459 562 hoc
486 495 614 578 quidem
643 498 749 580 potest
769 494 910 577 probari,
934 491 1017 575 quod
1041 490 1210 556 Lucretius
1232 489 1332 569 docet,

214 605 356 668 animum
378 603 416 666 de
439 619 496 666 suo
518 601 558 664 ad
579 618 731 664 sensuum
753 597 970 681 perceptiones
992 594 1113 676 aliquid
1135 593 1269 659 adicere.

214 705 258 790 IJV
280 705 359 770 463:
383 721 483 786 „quae
505 703 621 767 violare
644 703 738 766 fidem
761 701 853 782 quasi
874 696 1144 763 sensibusomnia
1166 697 1333 778 quaerunt,

299 808 522 890 „nequiquam
544 805 692 888 quoniam
716 804 923 886 percharum
947 800 1082 864 maxime
1105 798 1191 862 fallit

299 912 447 992 „propter
468 909 616 990 opinatus
639 907 747 984 animi,
770 924 849 988 quos
871 904 1016 969 addimus
1039 901 1101 982 ipsi

299 1031 374 1094 „pro
396 1012 473 1076 visis
495 1013 534 1076 ut
553 1011 628 1088 sint,
651 1028 731 1092 quae
753 1027 817 1072 non
840 1006 996 1074 sensibus'
1018 1002 1102 1068 visa:

300 1133 393 1193 „nam
415 1115 463 1182 nil
485 1114 611 1195 aegrius
634 1116 692 1190 cst,
715 1129 810 1194 quam
832 1129 884 1175 res
907 1123 1070 1173 secernere
1094 1106 1219 1187 apertas

301 1217 358 1295 „ab
381 1217 495 1293 dubiis,
518 1217 644 1282 animus
666 1233 744 1297 ques
769 1214 807 1285 ab
831 1232 864 1280 se
886 1211 1032 1295 protinus
1055 1207 1173 1274 addit.“

216 1337 340 1403 Addere
364 1339 449 1402 enim
471 1337 509 1400 de
532 1355 589 1400 suc
612 1335 737 1399 animus
761 1334 843 1398 nihil
864 1336 984 1414 potest,
1007 1339 1071 1404 nisi
1094 1321 1334 1424 προλήψεως

216 1459 305 1522 quae,
328 1459 400 1504 cum
416 1443 449 1505 et
463 1441 549 1521 ipsae
572 1456 663 1502 verae
688 1441 720 1502 et
734 1436 879 1500 veritatis
903 1437 1024 1504 indicia
1045 1444 1120 1523 sint,
1144 1463 1248 1509 avere
1270 1459 1335 1505 non

215 1545 350 1625 possunt
371 1543 406 1606 in
428 1560 565 1606 errorem
581 1539 741 1604 inducere.
787 1539 890 1618 Quam
910 1542 948 1604 ob
971 1563 1038 1608 rem
1061 1546 1123 1612 duo
1146 1545 1333 1610 simulacro-

215 1665 286 1709 rum
309 1663 425 1727 genera
447 1645 554 1708 eodem
571 1646 712 1724 tempore
735 1642 772 1705 ab
789 1641 936 1707 omnibus
959 1647 1053 1710 rebus
1068 1651 1220 1733 perpetuo
1235 1645 1333 1708 flucre
1355 1657 1373 1743 *f¹

216 1748 412 1824 crediderim,
428 1765 563 1829 quorum
578 1747 715 1810 alterum
731 1747 893 1808 oculorum
910 1749 1047 1829 pupulas
1059 1751 1181 1827 incitet,
1197 1750 1334 1812 alterum
1361 1743 1376 1801 l.
1478 1811 1479 1820 χ

216 1850 250 1912 in
273 1849 415 1913 animum
438 1851 577 1931 obrepat.
622 1849 691 1911 Hoc
713 1849 741 1910 si
763 1851 849 1912 recte
872 1849 970 1926 video,
994 1871 1057 1932 qua
1070 1853 1192 1917 ratione
1208 1851 1334 1914 animus

217 1951 348 2016 fallatur
370 1951 578 2016 manifestum
601 1954 658 2016 est.
710 1951 764 2014 Fit
786 1951 888 2028 eninr,
917 1955 954 2024 ut
975 1956 1122 2022 tenuiora
1147 1955 1205 2020 illa
1233 1954 1333 2018 simu·

216 2055 302 2118 lacre
324 2055 405 2118 aeris
426 2055 523 2135 pulsu
545 2054 737 2118 mutilentur
758 2054 971 2136 mutilataque
994 2057 1105 2122 falsam
1129 2076 1235 2122 rarum
1254 2057 1334 2119 ima-

217 2156 324 2236 ginem
346 2157 380 2223 in
395 2157 539 2223 animum
554 2156 707 2232 deferant,
730 2156 807 2220 dum
828 2156 969 2222 firmiora
991 2160 1056 2226 aeri
1072 2160 1197 2242 possint
1211 2159 1335 2222 obstare

218 2259 380 2340 oculisque
409 2277 514 2324 veram
538 2259 675 2339 speciem
697 2259 892 2340 imprimant.
944 2259 1143 2344 Quapropter
1168 2281 1261 2344 saepe
1291 2261 1337 2324 ita

219 2380 279 2439 res,
302 2365 418 2426 utnon
434 2365 519 2438 sunt,
542 2380 599 2424 nos
615 2361 773 2426 credimus
790 2380 917 2426 cernere
935 2365 1074 2428 —oculi
1096 2366 1183 2430 enim
1197 2383 1261 2428 non
1285 2382 1334 2425 er-

219 2469 292 2528 rant
311 2501 343 2510 -
363 2467 396 2528 ct
417 2483 490 2529 cum
512 2463 612 2526 animi
633 2462 760 2526 demum
783 2463 900 2528 auxilio
923 2465 1049 2528 videndi
1070 2467 1190 2530 conscii
1211 2467 1335 2540 flamna,

219 2566 253 2630 in
269 2585 405 2632 errorem
421 2566 592 2630 incidimus
608 2567 702 2644 atque
718 2565 752 2628 in
768 2582 803 2628 ec
826 2583 1109 2644 perseveraremus,
1132 2567 1195 2632 nisi
1210 2569 1336 2648 praesto

219 2672 327 2732 essent
347 2659 580 2759 προλήψεις.
624 2665 873 2730 simulacrorum
889 2667 975 2732 enim
997 2667 1178 2734 incursione
1198 2687 1278 2751 quae
1302 2669 1336 2733 in

220 2772 325 2836 animo
348 2773 451 2836 latent
477 2770 648 2832 simulacra
676 2768 817 2833 eiusdem
847 2777 904 2832 scu
935 2771 1049 2835 similis
1079 2773 1205 2853 generis
1233 2772 1336 2836 denuc

218 2875 408 2955 promuntur
423 2876 517 2954 atque
540 2871 590 2936 his
605 2871 794 2952 comparatis
817 2889 889 2934 cum
905 2871 1101 2950 adventiciis,
1124 2875 1201 2956 quid
1216 2892 1335 2950 verum,

219 2977 295 3058 quid
317 2976 433 3054 falsum
458 2975 500 3038 sit
523 2973 647 3036 animus
673 2974 778 3054 potest
800 2973 982 3038 diiudicare.
1026 2975 1071 3038 IV
1093 2977 1165 3040 383.
1188 2977 1267 3040 384:

304 3079 383 3156 „hoe
405 3077 503 3140 animi
525 3077 652 3140 demum
674 3075 755 3138 ratio
778 3074 957 3140 discernere
980 3078 1086 3154 debet,

304 3198 383 3257 ,nec
402 3180 537 3260 possunt
559 3177 642 3240 oculi
664 3180 812 3240 naturam
835 3195 963 3242 noscere
986 3187 1121 3243 rerurn.“
1147 3257 1151 3262 q

218 3281 330 3365 Neque
352 3299 425 3346 vero
454 3279 596 3343 omnium
624 3280 723 3344 animi
744 3279 813 3361 pari
835 3280 1035 3363 discernendi
1062 3281 1214 3344 facultate
1244 3301 1335 3362 prae-

219 3385 279 3448 diti
301 3387 392 3448 sunt:
417 3401 551 3464 quorum
573 3383 658 3446 enim
681 3385 804 3445 mentes
826 3401 889 3444 non
906 3384 955 3446 sat
970 3383 1081 3448 multis
1098 3383 1335 3465 anticipationi·

218 3487 277 3550 bus
298 3486 474 3550 instructae
497 3487 587 3560 sunt,
611 3485 640 3548 ei
661 3485 696 3548 in
718 3485 836 3548 multos
859 3487 987 3550 errores
1001 3485 1163 3564 incidunt,
1192 3505 1336 3568 quorum.

219 3591 326 3652 autem
348 3591 471 3652 mentes
502 3587 548 3650 eis
570 3587 749 3663 abundant,
781 3587 810 3650 oi
843 3588 892 3653 vel
923 3587 960 3652 de
992 3587 1212 3652 subtilissimis
1243 3589 1337 3652 rebus

219 3691 359 3754 iudicare
396 3692 532 3770 possunt
567 3707 738 3770 rerumque
782 3691 931 3752 naturam
977 3691 1106 3772 penitus
1144 3693 1340 3772 cognoscunt

219 3791 292 3856 Nisi
314 3793 373 3854 hac
396 3791 604 3874 explicatione
627 3793 765 3873 accepta,
788 3791 929 3856 Lucretii
952 3792 990 3856 de
1013 3811 1166 3858 sensuum
1187 3792 1335 3856 ludibriis

219 3893 395 3958 doctrinam
429 3895 506 3958 satis
539 3913 630 3976 posse
663 3893 811 3974 intellegi
843 3893 895 3956 vir
927 3895 1077 3975 putarim.
1133 3895 1240 3959 Unum
1272 3893 1336 3954 iam

219 3995 315 4059 liceat
336 3996 395 4058 hoo
417 3997 484 4059 loco
507 3996 735 4060 Lucretianum
764 3996 943 4077 exemplum
973 3997 1083 4078 paucis
1112 3995 1335 4078 perstringere,

220 4097 335 4178 quippe
362 4098 396 4162 in
424 4117 485 4179 quo
514 4098 705 4166 illustrando
734 4116 847 4179 parum
869 4099 931 4165 sibi
954 4099 1098 4164 videatur
1127 4097 1335 4180 philosophus

220 4199 410 4265 constitisse.
455 4199 538 4266 Sunt
559 4200 634 4264 libri
657 4201 763 4282 quarti
785 4219 895 4266 versus
917 4201 979 4281 353
1002 4219 1085 4283 sqq:
