2980 4722
707 298 740 351 35

163 502 418 586 nequeunte).
471 503 608 584 Woltjer
630 503 757 584 quidem
789 521 980 584 quamquam
1003 506 1087 568 recte
1110 504 1204 582 vidit,
1227 506 1282 570 de·

164 625 234 670 cere
250 607 434 670 Lucretium
450 607 558 670 oculos
573 607 658 687 ipses
674 606 788 682 videre,
806 624 898 670 aures
913 605 998 686 ipsas
1014 606 1132 684 audire,
1148 607 1283 689 denique

164 728 278 792 cerpus
293 709 397 791 ipsum
414 709 542 786 sentire,
558 709 613 772 sed
629 709 734 772 animo
750 727 806 771 ncs
826 709 939 772 horum
955 707 1126 774 affectuum
1142 711 1284 774 conscios

164 812 327 892 fierique
348 811 469 874 ratione
492 813 551 874 hec
573 793 673 887 fieret,
696 829 760 874 non
781 809 996 892 investigavit.

271 931 315 998 Ut
341 932 409 994 sela
441 931 479 994 de
506 929 634 993 videndi
662 930 785 994 ratione
819 929 1164 1005 dicamuS,Lucreti11s
1194 931 1285 995 dccet

165 1033 203 1096 ab
226 1033 373 1097 omnibus
388 1033 483 1096 rebus
497 1034 650 1114 perpetue
666 1051 792 1110 „rerum
808 1031 932 1112 effigias
954 1032 1125 1114 tenuisque
1146 1033 1285 1114 'figuras‘

164 1136 328 1202 celerrime
358 1135 456 1200 fluere
486 1135 633 1217 oculique
663 1134 763 1198 aciem
790 1133 943 1215 ferire.⁴⁶)
994 1133 1062 1197 Iam
1092 1153 1165 1198 cum
1187 1135 1286 1198 animi

164 1238 281 1304 auxilio
312 1256 390 1319 cpus
420 1238 463 1301 sit
490 1237 530 1300 ad
555 1237 661 1302 visum
689 1236 917 1318 perficiendum
947 1236 1032 1300 haud
1062 1237 1127 1300 scic
1150 1255 1190 1300 en
1213 1238 1285 1319 quis

164 1341 258 1406 facile
292 1340 331 1404 ed
363 1341 446 1404 hauc
478 1339 672 1404 sententiam
703 1338 805 1420 pessit
837 1338 970 1416 adduci,
992 1341 1030 1402 ut
1063 1340 1172 1404 eadem
1193 1343 1286 1422 putet

164 1444 343 1519 simulacre,
366 1461 446 1524 quae
470 1444 576 1506 oculos
599 1441 845 1518 lacessiverunt,
871 1459 928 1523 per
951 1459 1063 1524 cerpus
1086 1441 1120 1504 in
1143 1442 1286 1506 animum

164 1547 312 1627 obrepere
328 1547 486 1627 pulsuque
502 1545 636 1620 efficere,
652 1546 690 1607 ut
705 1545 831 1609 animus
847 1545 936 1621 sciat,
952 1545 1028 1626 quid
1043 1544 1172 1608 videant
1192 1545 1286 1610 oculi.

166 1648 256 1728 Quod
279 1667 374 1730 quam
406 1648 579 1712 absurdum
600 1647 660 1724 sit,
682 1647 902 1712 demonstrant
924 1647 1018 1714 verba
1040 1647 1190 1724 Lucretii,
1213 1647 1285 1728 qui·

164 1753 224 1815 bus
246 1752 403 1829 docemur,
425 1751 596 1814 simulacra
618 1768 697 1831 quae
714 1750 856 1813 animum
879 1749 997 1813 feriant
1019 1749 1119 1812 multu
1142 1749 1288 1814 tenuiora

165 1871 350 1935 essequam
374 1871 454 1934 quae
478 1855 586 1918 ocules
608 1852 799 1933 percipiunt.

165 1972 209 2036 IV
233 1973 308 2036 724:
332 1971 507 2054 „principie
529 1973 588 2036 hoe
610 1971 680 2036 dice
702 1990 810 2035 renum
834 1971 1004 2034 simulacra
1025 1970 1135 2052 vagari

251 2075 374 2151 „multa
396 2074 497 2138 modis
520 2073 632 2138 multis
654 2075 689 2138 in
712 2075 842 2137 cunctas
865 2073 1006 2154 undique
1027 2073 1129 2155 partis

234 2177 406 2288 „Qussaq
416 2195 494 2258 quae
517 2176 611 2241 facile
634 2177 718 2240 inter
741 2195 774 2240 se
796 2178 977 2257 iunguntur
997 2175 1032 2238 in
1054 2174 1150 2239 auria.

254 2281 390 2361 „quippe
412 2279 530 2343 etenim
554 2279 656 2342 multe
679 2279 780 2360 magis
804 2280 882 2343 haec
904 2281 982 2344 sunt
1000 2277 1111 2343 tenuia
1132 2279 1223 2342 textu

251 2400 366 2464 „quam
389 2399 469 2463 quae
491 2381 674 2463 percipiunt
695 2383 803 2446 oculos
825 2382 992 2464 visumque
1014 2381 1186 2458 lacessunt,

249 2485 407 2567 „corporis
431 2485 508 2548 haee
530 2485 680 2566 quoniam
701 2487 871 2566 penetrant
891 2503 948 2566 per
968 2501 1042 2548 rara
1063 2484 1211 2565 cientque

247 2595 395 2666 „tenuem
420 2587 519 2650 animi
541 2591 688 2652 naturam
709 2587 798 2652 intus
821 2605 1014 2670 sensumque
1035 2587 1228 2650 lacessunt.“

162 2707 240 2770 Illae
263 2707 363 2786 igitur
384 2725 491 2768 rerum
513 2707 651 2786 figurae,
684 2707 799 2787 quibus
822 2707 855 2770 in
879 2707 957 2788 ipsis
980 2707 1082 2770 oculis
1104 2705 1192 2768 visus
1215 2704 1285 2768 effi-

163 2811 255 2886 citur,
279 2807 447 2871 messiones
465 2811 549 2884 suut,
573 2827 668 2889 quam
691 2825 771 2889 quae
785 2827 842 2888 per
865 2825 977 2889 corpus
998 2807 1036 2870 ad
1059 2807 1158 2870 animi
1181 2807 1286 2870 sedem

161 2917 327 2994 penetrare
349 2910 485 2990 possint,
508 2928 566 2972 nec
582 2911 707 2972 animus
723 2909 852 2974 subtilis
868 2928 977 2974 eanum
998 2909 1129 2991 pulsum
1152 2910 1285 2972 tolerare

161 3017 275 3095 potest,
299 3012 398 3093 „q'uin
420 3011 527 3075 omnia
549 3011 797 3076 dissoluantur.“
848 3012 945 3076 Pcrrc
968 3014 1132 3076 oculorum
1154 3011 1285 3074 menda-

162 3115 230 3192 ciis
254 3133 333 3196 quae
356 3115 501 3191 dicimus,
525 3115 596 3178 luce
612 3114 730 3178 clarius
753 3113 900 3192 efficitur,
925 3114 1050 3178 easdem
1072 3114 1191 3194 figuras
1215 3113 1284 3176 ani-

161 3217 205 3279 mi
220 3235 350 3282 sensum
366 3236 430 3282 non
445 3235 535 3299 pesse
551 3217 716 3280 lacessere.
761 3215 888 3280 Etenim
905 3236 978 3280 eum
994 3217 1108 3280 decent
1129 3216 1285 3296 Epicurei,

162 3337 224 3380 nen
247 3321 354 3383 oculos
378 3338 491 3396 errare,
516 3319 571 3384 sed
593 3320 745 3398 animum,
768 3321 921 3401 sequitur,
945 3322 983 3383 ut
1010 3319 1142 3400 figurae,
1166 3335 1287 3398 quaec

161 3421 257 3484 rebus
290 3421 466 3498 fluxerunt,
501 3440 606 3485 veram
639 3441 746 3486 rerum
780 3423 951 3504 imaginem
987 3421 1066 3486 aciei
1099 3420 1286 3502 imprimant

159 3522 283 3604 ipsique
306 3523 391 3586 oculi
413 3523 494 3586 tales
516 3527 649 3587 cernant
663 3543 723 3602 res,
747 3527 857 3606 quales
876 3543 910 3588 ra
933 3543 1008 3588 vcra
1030 3526 1115 3588 sunt.
1162 3522 1283 3602 Quodsi

160 3625 269 3688 eadem
301 3625 473 3689 simulacra
514 3626 657 3688 animum
698 3627 886 3704 incitarent,
920 3627 1048 3691 animus
1081 3646 1146 3692 non
1178 3631 1286 3708 posset

261 3847 293 3915 ⁴⁶)
312 3847 396 3900 zellen
421 3849 437 3898 Ι.
462 3850 479 3900 l.
505 3848 573 3902 361:
608 3847 888 3917 „iietnuctttutenntntfi
917 3849 945 3915 tn
970 3863 1030 3918 quiq
1047 3850 1098 3904 acub
1118 3863 1161 3918 qm
1178 3859 1226 3904 cen
1245 3852 1284 3904 tet

159 3931 288 3998 canuam
318 3931 478 4002 aepactas
520 3935 583 3988 364:
618 3935 684 3998 ,cte
713 3935 841 3992 metentes
870 3936 969 4004 stacten
997 3935 1038 4004 aa
1066 3931 1284 4002 [cineraceam

159 4017 215 4088 ned)
233 4032 281 4074 nen
301 4017 370 4085 [cibit
389 4027 437 4074 cns
456 4023 498 4074 ten
517 4020 775 4092 iicttuetpnueqeel‘

260 4129 295 4190 ⁴⁶)
317 4129 390 4194 Diog.
412 4130 494 4180 ῐιαοιτ,
515 4131 539 4179 X
558 4130 598 4182 48.
618 4128 708 4179 Orellii
721 4130 863 4194 fragmenta
880 4146 956 4196 supra
973 4131 1078 4180 laudata
1097 4130 1146 4180 eol.
1165 4129 1173 4178 Ι
1192 4137 1217 4178 et
1238 4128 1284 4180 Ν.

159 4211 235 4262 Lucu.
257 4213 303 4264 lv.
322 4217 362 4266 42.

1113 4300 1145 4352 3*
