2980 4722
792 343 827 404 20

246 552 364 620 indioia
396 557 502 620 omnia
533 557 580 621 ita
612 561 689 621 sunt
716 561 911 639 comparata,
945 558 982 621 ut
1003 557 1145 620 nostram
1177 556 1370 621 sententiam

246 659 413 722 videantur
436 659 630 723 oonfirmare.
682 659 855 741 Postquam
888 659 973 724 enim
996 659 1152 740 Epicurus
1176 659 1210 721 in
1234 660 1390 741 epistola,

246 761 285 824 ad
308 761 505 824 Herodotum
528 762 647 843 scripta
678 744 756 846 τήν
786 743 934 846 ψυχήν
956 780 972 824 e
996 761 1099 823 tribus
1122 761 1266 841 partibus
1290 779 1365 824 oon-

246 865 329 927 stare
362 863 484 940 doouit,
517 867 664 945 quartam
691 865 903 929 neeessariam
930 881 998 928 esse
1021 861 1162 926 ostendit
1183 880 1199 925 e
1224 863 1366 926 minimis
1465 857 1466 860 ’

245 965 525 1047 nobilissimisque
558 967 754 1048 eorpusoulis
784 967 999 1049 compositam.
1055 963 1240 1046 Sequuntur
1273 966 1369 1028 verba

246 1069 397 1166 „roriw
434 1063 479 1146 δὲ
509 1073 594 1146 πᾶν
628 1081 673 1147 αἱ
705 1061 901 1167 δυνάμεις
929 1071 999 1167 τῆς
1024 1071 1166 1168 ψυχῆς
1203 1061 1367 1165 δηλοῦσι

243 1195 312 1267 καὶ
338 1186 391 1264 τοὶ
417 1184 586 1286 eddom)
614 1197 683 1268 καὶ
718 1202 758 1268 αἰ
790 1187 1017 1288 εὐκινησίαι
1043 1195 1111 1264 καὶ
1137 1198 1183 1264 αἱ
1207 1177 1366 1285 διανοή-

245 1336 329 1399 σεις
355 1315 424 1386 καὶ
450 1307 504 1418 ὦν
532 1305 803 1408 στερούμενοι
824 1301 1106 1406 θνήσκομεν.“
1160 1313 1201 1378 Ι).
1214 1313 1248 1377 L.
1261 1313 1299 1376 X.
1316 1314 1366 1378 63.

243 1426 347 1490 Verba
373 1417 442 1487 καὶ
468 1417 525 1488 ὠν
556 1427 632 1508 quid
663 1427 724 1490 sibi
753 1427 855 1490 veiint
883 1444 940 1508 per
961 1443 995 1488 sa
1027 1442 1091 1487 non
1112 1425 1210 1506 patet.
1226 1503 1238 1514 „
1255 1423 1366 1506 Neque

243 1529 381 1592 salutare
404 1529 558 1592 auxilium
581 1527 672 1592 affert
701 1529 883 1592 oonieotura
906 1525 1078 1592 Gassendi:
1112 1517 1180 1588 καὶ
1208 1515 1263 1586 ῶν
1282 1517 1365 1588 λοι-

242 1627 339 1698 ιιῶν.
378 1629 458 1693 Cave
475 1631 560 1694 enim
575 1629 749 1705 arbitreris,
765 1631 843 1694 haeo
858 1627 1014 1708 respicere
1030 1626 1070 1688 ad
1097 1616 1363 1714 ,,αἰσθήσεις“

242 1739 404 1822 sequentis
427 1740 602 1806 enuntiati:
654 1741 743 1822 „nol
768 1729 854 1828 μήν
881 1735 950 1806 καὶ
977 1729 1042 1806 ὅτι
1068 1733 1157 1824 ἔχει
1185 1726 1207 1826 ή
1242 1727 1364 1829 ψυχή

242 1853 313 1948 τῆς
328 1849 562 1949 αἰσθήσεως
581 1849 658 1949 τήν
678 1857 872 1949 πλείστην
891 1846 1034 1926 αἰτίαν
1053 1839 1118 1924 δεῖ
1130 1847 1362 1944 κατέχειν,

241 1989 320 2051 quas
354 1970 482 2052 quidem
510 1969 606 2032 verba
634 1968 822 2033 Ambrosius
851 1967 898 2030 itu
926 1965 1036 2030 vertit:
1059 1965 1245 2042 „Enimvero
1277 1966 1311 2027 et
1332 1964 1364 2027 id

240 2075 365 2154 oportet
386 2076 503 2148 tenere,
520 2071 603 2153 quod
617 2072 733 2135 habeat
754 2071 861 2134 anima
876 2086 988 2132 sensus
1011 2067 1184 2148 plurimam
1206 2071 1363 2130 oausam.“

240 2174 418 2240 Partioulas
442 2177 564 2251 autem,
598 2193 678 2255 quae
708 2176 785 2238 sunt
807 2173 875 2243 καὶ
900 2161 985 2262 μήν
1012 2168 1097 2247 καί,
1119 2169 1225 2251 aptius
1248 2171 1363 2233 vellem

238 2278 429 2342 reddidisset
450 2277 560 2340 latinis
583 2276 681 2358 „quin
697 2276 802 2352 etiam,
825 2278 1017 2356 praeterea“‚
1040 2271 1181 2368 omneis
1204 2271 1304 2334 oratio
1325 2271 1364 2334 ad

240 2397 353 2442 novam
376 2397 443 2443 rem
458 2379 618 2460 prosedat.
662 2378 744 2441 Mihi
767 2377 850 2440 illud
876 2368 944 2437 καὶ
971 2377 1045 2438 ante
1074 2369 1129 2435 aiv
1153 2391 1256 2436 errore
1272 2373 1360 2436 vide-

241 2483 295 2544 tur
316 2482 473 2557 additum,
496 2482 603 2563 itaque
632 2482 737 2560 legere
760 2478 928 2542 maluerim
958 2475 1046 2555 ‚aar
1064 2479 1109 2543 αἱ
1134 2459 1364 2566 διανοήσεις
1465 2495 1466 2498 ’

241 2575 297 2662 ὦν
324 2581 595 2685 στερούμενοι
623 2580 928 2682 θιιιήσκομεν.“)
967 2585 1365 2666 Quartuhaeoparsinfra

240 2702 423 2766 nominatur
451 2691 501 2772 τό
529 2691 600 2787 ὀξύ
632 2689 739 2771 κατα
767 2689 846 2792 τήν,
873 2691 1078 2789 αἴσθησιν
1109 2733 1149 2742 -
1175 2713 1249 2759 nam
1276 2680 1365 2766 δια.
1465 2789 1466 2794 ¹

240 2802 403 2904 νοήσεις
441 2830 565 2894 quoque
594 2804 819 2904 αἰσθήσεις
852 2811 929 2874 sunt
963 2845 1003 2854 -
1040 2825 1103 2889 qua
1136 2808 1225 2888 parte
1260 2807 1364 2870 soluta
1465 2801 1466 2884 j

239 2931 323 2978 mors
345 2915 499 2996 seqnitur.
544 2915 582 2978 D.
605 2915 638 2978 L.
663 2915 701 2979 X.
725 2915 774 2978 65.
821 2912 898 2978 Cum
921 2911 972 2975 his
995 2910 1098 2974 verbis
1121 2910 1200 2972 bone
1223 2926 1361 2988 oongru·
1465 2947 1466 2960 t

240 3019 315 3094 unt,
349 3035 428 3099 quae
462 3016 631 3080 Lueretius
665 3017 801 3097 explieat
836 3014 883 3076 ΙΙΙ
911 3015 973 3077 395
1004 3032 1049 3094 sq.
1108 3011 1262 3089 Quartam
1294 3027 1362 3073 esse
1447 3027 1449 3034 ¹

239 3109 318 3202 „vd
346 3103 628 3208 aiodqzmo'w
669 3133 826 3196 nusquam
868 3115 951 3196 apud
991 3115 1168 3194 Diogenem
1215 3111 1361 3192 legimus.

240 3219 337 3284 Porro
359 3220 393 3282 in
416 3220 640 3296 additamento,
663 3218 745 3298 quod
767 3217 795 3280 is
818 3216 947 3296 Epiouri
969 3215 1121 3296 epistotae
1150 3213 1287 3277 inseruit
1309 3213 1360 3294 (X.

240 3322 312 3398 66),
348 3322 530 3384 invenimus
570 3303 620 3382 τό
659 3303 821 3399 λογικόν
861 3319 989 3382 haerere
1031 3317 1066 3380 in
1103 3318 1243 3398 peotore,
1311 3297 1372 3375 τό·

240 3409 389 3504 ἄλογον
410 3441 466 3504 per
489 3426 592 3485 totum
615 3440 727 3502 eorpus
758 3419 950 3501 dissipatum
979 3437 1057 3484 esse.
1109 3419 1230 3498 Quarta
1260 3417 1361 3498 igitur

241 3524 341 3588 eifioit
367 3506 418 3585 τό
445 3506 616 3603 λογικόν,
647 3523 763 3604 quippe
790 3540 870 3604 quae
901 3521 1099 3584 tenuissimis
1129 3537 1236 3584 rerum
1259 3520 1358 3582 simu-

239 3626 333 3689 laoris
356 3628 518 3689 moveatur
540 3625 653 3706 hisque
675 3625 814 3689 motibus
837 3623 1046 3704 cogitationes
1061 3623 1162 3702 possit
1187 3639 1359 3703 procreare,

239 3731 304 3792 tres
327 3729 435 3791 autem
457 3727 536 3792 aliae
558 3729 664 3809 partes
688 3730 764 3792 sunt
799 3709 848 3786 τό
875 3712 1027 3807 ἄλογον
1054 3727 1086 3788 et
1100 3726 1256 3806 putantur
1284 3742 1358 3788 oau-

340 4000 375 4064 Ἢ)
394 3999 459 4050 (ium
477 4001 600 4050 hocloco
619 3999 764 4049 conferatur
780 3999 856 4049 Luer.
877 3997 906 4048 ΙΙΙ
925 3999 984 4050 145.
1005 3995 1056 4062 (pg.
1079 3996 1113 4062 ¹¹1.)

341 4085 375 4149 ²⁸)
394 4087 494 4146 „oratio
513 4086 661 4150 plerumque
678 4085 764 4134 lacera
782 4091 821 4134 ast
837 4090 863 4133 et
880 4084 985 4133 disiecta
998 4083 1186 4144 innumerisque
1199 4079 1274 4140 uitiis,
1294 4093 1356 4144 quo·

239 4187 299 4220 num
319 4173 394 4220 etium
412 4185 481 4220 nune
500 4171 581 4220 multa
597 4171 713 4220 tollenda
730 4176 833 4230 restant,
851 4169 1010 4232 inquinata&
1047 4165 1159 4214 Historia
1177 4164 1356 4230 philosophiae

240 4257 485 4307 Graeco-Romanae
503 4270 535 4304 ax
552 4255 661 4306 sontium
680 4255 743 4304 locis
761 4261 891 4304 contextu.
926 4253 1008 4303 Rittor
1027 4258 1052 4302 at
1070 4249 1174 4300 Psaller.
1192 4265 1234 4315 pg.
1252 4250 1311 4302 333.
