2980 4722
1 3599 16 3643 b

709 284 743 338 dd

167 492 254 568 eins,
285 491 368 573 qnod
390 491 452 574 ipsi
475 492 631 570 addimus,
654 496 704 558 est
725 491 957 575 investiganda.
1012 493 1097 572 Quid
1119 497 1226 560 autem
1253 495 1291 559 de

167 597 285 660 natura
307 595 385 671 eiua,
408 595 492 676 quod
514 596 553 661 ad
568 596 726 678 impulsus
742 599 865 662 exteros
881 596 943 678 ipsi
957 596 1113 674 addimus
1141 597 1293 662 indioarit

167 698 346 779 Epiourus,
369 698 518 778 eognosei
548 717 612 764 non
635 699 773 782 amplius
795 701 930 781 potest.“
972 699 1055 764 Mihi
1077 699 1206 782 quidem
1228 720 1292 764 uon

168 800 303 864 diffieile
325 799 452 864 videtur
474 818 543 866 esse
566 801 752 880 intelleetu,
781 802 858 885 quid
879 801 942 884 ipsi
963 801 1003 866 ad
1024 801 1221 868 incurrentia
1246 803 1291 867 si-

169 904 312 967 mulaora
333 903 495 980 addamus,
525 887 744 991 προλήψεις
779 905 913 982 seilioet,
939 923 1074 986 quarum
1096 903 1214 970 auxilio
1234 924 1291 970 no·

167 1009 250 1072 strae
279 1005 489 1087 cogitationes
510 1006 636 1070 animus
676 1010 783 1090 potest
803 1006 967 1071 moderari.
1029 1007 1101 1072 Huo
1134 1008 1293 1074 referendi

168 1111 245 1174 sunt
265 1127 376 1172 versus
399 1108 583 1172 Lueretiani
605 1109 659 1173 lib.
682 1109 715 1172 ΙΙ
737 1110 798 1173 277
821 1129 894 1192 sqq:

252 1212 377 1290 „iamne
399 1211 487 1275 rides
509 1211 619 1293 igitur,
642 1231 834 1294 quamquam
855 1211 904 1276 vis
926 1213 1034 1298 extera
1055 1213 1175 1278 multos

254 1315 374 1397 „pellat
395 1317 429 1378 et
449 1314 567 1379 invitos
589 1317 683 1397 eogat
702 1315 873 1396 proaedere
894 1333 987 1398 saepo

253 1417 527 1500 „praeeipitesque
550 1417 628 1499 rapi,
651 1419 759 1482 tamen
781 1435 850 1482 esse
872 1418 907 1482 in
929 1427 1058 1500 corpore
1079 1419 1188 1482 nostro

257 1519 436 1602 „quiddam
460 1519 543 1602 quod
566 1521 676 1584 eontra
695 1537 838 1601 pugnare
860 1519 1048 1602 obstareque
1069 1519 1201 1602 possit.“

168 1623 236 1688 Hoo
257 1612 332 1686 iooo
363 1623 545 1687 observasse
574 1622 635 1686 sibi
656 1622 744 1686 visus
773 1624 823 1686 est
845 1620 995 1704 Woltjer,
1021 1621 1082 1687 sibi
1104 1621 1292 1687 Lueretium

169 1745 233 1790 non
266 1727 411 1790 oonstare
441 1725 475 1789 in
510 1725 654 1790 doctrina
688 1725 725 1790 da
748 1725 897 1790 libertate
928 1725 1123 1802 voluntatis,
1156 1743 1229 1789 oum
1259 1725 1294 1792 in

168 1829 249 1894 libro
273 1827 317 1890 IV
338 1829 537 1894 uoluntatem
559 1846 651 1892 suam
672 1828 789 1892 habere
811 1845 956 1904 oausam,
985 1828 1045 1890 hoo
1066 1827 1136 1890 loeo
1159 1845 1229 1892 eam
1251 1827 1292 1892 li-

168 1930 277 1994 berem
299 1949 368 1996 esse
391 1929 526 1994 dooeret.
578 1929 634 2008 „Si
657 1933 768 1994 eontra
788 1947 930 2011 pugnare
953 1929 1142 2010 obstareque
1170 1931 1240 1994 volo
1263 1931 1294 1995 vi

170 2033 305 2098 extimae
335 2051 415 2114 quae
443 2051 494 2096 me
515 2032 680 2114 propellit,
711 2032 850 2114 primum
872 2032 1043 2096 simulacra
1064 2033 1236 2098 resistendi
1258 2034 1293 2098 in

170 2136 313 2200 animum
335 2153 443 2200 meum
469 2137 636 2217 penetrare
666 2135 799 2212 debent,
823 2152 902 2216 quae
924 2135 1123 2199 voluntatem
1145 2136 1294 2200 obstandi

170 2237 337 2302 excitante
388 2237 499 2319 Nuper
532 2238 615 2302 hano
649 2238 841 2302 sententiam
865 2237 1066 2319 impugnavit
1088 2237 1293 2304 Lehmannus

171 2341 414 2420 (Quaestionum
445 2340 708 2404 Lueretianarum
737 2339 842 2422 eapite
875 2339 946 2404 duo.
1000 2340 1105 2405 Berol.
1135 2341 1218 2404 1882
1239 2361 1292 2424 pg.

171 2443 212 2506 50
236 2443 296 2525 sq.)
348 2441 409 2508 Sed
437 2461 510 2508 oum
533 2441 726 2523 Woltjerum
756 2460 877 2507 errasse
899 2442 1116 2507 demonstrare
1139 2443 1292 2522 studeret,

170 2545 252 2610 mihi
275 2563 364 2610 suam
388 2546 581 2610 sententiam
596 2564 660 2610 non
674 2546 829 2628 probarit.
873 2544 1094 2628 Maximusque
1115 2545 1184 2610 eius
1207 2565 1293 2612 error

170 2649 198 2711 is
221 2648 345 2711 videtur
373 2667 457 2725 esse,
479 2649 563 2730 quod
577 2649 612 2712 in
634 2648 715 2712 libro
743 2650 856 2730 quarto
879 2648 916 2712 de
939 2647 1087 2711 libertate
1116 2649 1292 2713 voluntatis

171 2749 347 2813 doctrinam
363 2750 454 2831 tangi
468 2752 575 2831 negat.
617 2749 747 2831 „Neque
763 2749 849 2827 enim
864 2749 1038 2831 quaeritur,
1052 2750 1168 2832 inquit.
1183 2754 1293 2816 utrum

171 2852 351 2919 simulaoris
374 2870 524 2934 oogamur
545 2851 592 2916 ire
608 2869 648 2916 an
663 2851 709 2915 eis
730 2852 889 2934 possimus
905 2851 1063 2930 resistere,
1086 2852 1142 2916 sed
1162 2853 1293 2934 ponitur

170 2974 228 3020 nos
250 2957 332 3020 velle
354 2957 414 3030 ire3
438 2955 476 3018 de
491 2955 614 3020 rationo
629 2954 729 3037 igitur
747 2955 812 3018 sive
834 2955 873 3019 do
896 2952 1049 3020 fatuitate
1070 2955 1199 3020 meandi
1222 2956 1291 3038 agi·

171 3060 255 3124 tur.“
299 3058 439 3123 Lueret'
417 3077 441 3122 11
403 3058 559 3122 tverba
580 3059 658 3122 sunt
677 3057 769 3122 haee:

93 3191 205 3280 ‘'J'W
256 3181 361 3238 „nuno
383 3161 457 3254 qui
460 3161 561 3226 fietu
562 3161 588 3224 ti
539 3178 722 3243 upassus
743 3157 884 3242 proferre
906 3177 1060 3242 queamus

255 3283 347 3340 „oum
369 3243 516 3330 volumus
539 3263 688 3346 varieque
711 3263 820 3326 datum
842 3262 886 3326 sit
907 3261 1050 3326 membra
1071 3281 1205 3340 movere,

231 3369 310 3443 „et
332 3385 412 3449 quae
434 3387 485 3432 res
508 3368 636 3432 tantum
657 3367 717 3430 hoo
739 3363 843 3429 oneris
865 3364 1052 3446 protrudere
1074 3364 1177 3429 nostri

256 3469 416 3551 „eorporis
438 3469 576 3533 insuerit
597 3469 752 3534 dieam-
764 3471 782 3501 “

174 3570 418 3636 concedendum
442 3590 518 3636 sane
541 3573 590 3636 est
612 3571 813 3648 Lehmanno,
841 3568 1028 3633 Lucretium
1050 3568 1085 3632 in
1107 3568 1212 3632 animo
1234 3570 1292 3633 ha-

171 3674 244 3738 bere
267 3675 432 3756 explioare,
455 3674 619 3757 quomodo,
642 3674 719 3756 quid
733 3672 812 3736 velit
826 3671 961 3749 animus,
981 3688 1108 3754 eorpore
1124 3671 1292 3736 effitiatur.

171 3777 278 3859 Atque
300 3779 338 3842 ut
358 3779 525 3859 poetarum
547 3796 614 3842 mos
637 3780 695 3855 ast,
717 3777 814 3841 huius
836 3774 884 3838 rei
905 3773 1028 3838 ratione
1044 3773 1169 3852 omissa,
1191 3774 1294 3855 ipsam

171 3899 240 3946 rem
262 3879 406 3944 illustrat
428 3882 584 3964 exemplo:
608 3879 743 3944 meandi.
798 3879 981 3961 Antequam
1004 3878 1111 3941 autem
1132 3877 1293 3940 insessum

172 3982 340 4061 deseribat,
363 4003 459 4064 quare
483 3983 650 4049 inoedendi
671 3983 819 4047 voluntas
841 3980 928 4064 (eum
949 3979 1108 4062 volumus)
1131 3979 1165 4043 in
1187 3978 1293 4043 animo

173 4085 293 4151 oriatur
315 4086 421 4152 donet:

259 4190 348 4268 „dieo
370 4190 476 4255 animo
498 4191 606 4255 nostro
628 4187 768 4271 primum
790 4187 962 4267 simulaera
982 4183 1109 4250 meandi
1167 4173 1225 4246 «β’
