2980 4722
724 319 877 400 —qq-

240 526 304 590 fuit
329 543 426 590 eausa
455 542 550 606 quam
580 543 681 590 nasus.
734 523 947 590 Gonferantur
971 543 1043 590 oum
1066 525 1126 589 hae
1150 525 1360 608 explicatione

240 629 335 694 verba
354 627 529 706 Ciceronis,
552 645 632 709 quae
654 631 733 693 sunt
759 629 793 692 in
815 630 917 710 primo
940 629 977 693 de
999 628 1118 692 finibus
1140 629 1222 693 libro
1244 628 1297 692 Vl.
1320 629 1362 692 20

240 733 329 814 „ipsa
349 731 519 797 declinatio
552 730 592 794 ad
624 731 792 796 libidinem
819 731 962 814 fingitur,
999 731 1058 813 (nit
1087 732 1173 796 onim
1202 731 1362 796 declinare

240 837 382 900 atomum
409 835 479 898 sine
513 851 622 898 eausa:
650 851 712 915 qno
738 834 822 897 nihil
851 834 977 916 turpius
1000 833 1151 916 Physioo,
1174 853 1268 916 quain
1292 834 1363 899 fieri

240 938 308 1002 sine
345 955 441 1002 eausa
473 936 647 1019 quidquam
682 935 869 1016 dicere)et
855 937 999 1001 tillum
1028 939 1149 1000 motum
1182 937 1363 1000 naturalem

239 1039 382 1104 omnium
404 1039 599 1122 ponderum,
622 1038 689 1104 ut'
680 1056 749 1120 lpse
771 1040 874 1104 oonsti
876 1039 954 1116 tuit,
984 1057 1001 1104 e
1023 1039 1152 1122 regione
1178 1039 1363 1104 inferiorem

240 1143 344 1206 loomn
372 1142 566 1225 petentium,
597 1141 666 1206 sine
689 1159 786 1206 eausa
814 1141 934 1224 eripuit
955 1142 1087 1206 atomis·
1110 1159 1169 1206 nee
1191 1143 1298 1206 tamen
1320 1141 1362 1216 id,

240 1244 332 1309 ouius
365 1263 461 1310 eausa
493 1245 571 1310 haee
592 1245 743 1322 finxerat,
771 1247 898 1308 asseout
899 1263 937 1308 ns
968 1245 1046 1310 est‘·
1098 1242 1175 1309 Inde
1204 1247 1307 1326 patet,
1279 1243 1363 1308 tid

240 1347 324 1428 quod
345 1349 417 1412 luee
440 1347 557 1412 elarius
588 1347 652 1423 est,
687 1347 868 1412 deelinandi
897 1348 1096 1413 voluntatem
1122 1367 1186 1412 non
1207 1346 1337 1412 fuisse
1329 1365 1363 1410 1n

241 1449 365 1514 atomis.
418 1449 563 1532 Namque
593 1449 621 1512 si
643 1450 842 1514 voluntatem
869 1451 1059 1516 habuissent
1080 1451 1233 1526 innatam,
1257 1449 1362 1514 dieere

240 1569 304 1614 non
325 1552 482 1633 potuisset
504 1552 670 1634 Epicurus,
694 1571 746 1617 eas
761 1553 831 1617 sine
853 1571 950 1618 eausa
963 1554 1135 1618 aberrasse.
1180 1551 1267 1628 Quod
1290 1569 1362 1614 eum

240 1653 286 1716 ita
308 1653 360 1730 sit,
383 1655 510 1718 nullum
532 1673 600 1719 esse
622 1656 728 1737 potest
743 1655 908 1720 vineululu
930 1655 1016 1718 inter
1034 1655 1170 1736 primam
1185 1659 1362 1717 atomorum

239 1755 482 1820 declinationem
497 1758 726 1841 hominumque
740 1757 873 1822 liberem
888 1758 1094 1821 voluntatem.
1138 1755 1187 1820 Ne
1209 1755 1267 1820 hoo
1289 1754 1361 1838 qui-

239 1858 311 1922 dem
332 1858 408 1940 poni
429 1862 543 1940 potest,
567 1861 665 1926 simili
688 1878 765 1925 easu
786 1862 949 1937 atomose
970 1858 1205 1942 quibusanima
1225 1859 1363 1931 oonstat,

240 1978 272 2024 se
293 1963 414 2024 vertere
444 1979 535 2042 posse
561 1964 601 2028 ad
623 1964 794 2028 simulacra
816 1963 850 2027 in
881 1964 1020 2026 mentem
1049 1960 1262 2036 mentientia,
1289 1959 1362 2024 inde

240 2081 313 2128 eum
334 2063 465 2128 minime
488 2068 649 2146 sequatur,
672 2067 870 2130 voluntatem
893 2083 961 2130 esse
985 2064 1127 2140 liberam,
1151 2062 1262 2126 sedin
1285 2079 1363 2124 easu

239 2165 384 2246 positam.
429 2164 477 2230 Of.
510 2166 733 2249 Ueberuegius
768 2169 790 2232 l.
812 2169 833 2232 l.
868 2187 919 2250 pg.
951 2167 1027 2232 207:
1072 2165 1156 2241 ,lbet
1178 2161 1267 2230 helec
1289 2161 1363 2230 mitt

240 2266 322 2349 turdi
352 2267 395 2332 tie
424 2266 644 2351 horitessuuqm
667 2277 820 2354 ellptteqt,
857 2269 923 2334 obet
945 2269 1018 2346 uida
1041 2268 1093 2334 sarit
1114 2264 1363 2350 botbmrntiqieit
1464 2311 1465 2351 ,

241 2368 387 2447 beitimlut.
439 2368 498 2436 Die
526 2368 765 2450 lssiueliepdtett
793 2370 824 2448 iit
854 2369 896 2435 tic
926 2370 1109 2454 ssuidlliqirit
1133 2367 1361 2453 (Uneubhduqips

240 2470 289 2536 itit
311 2487 369 2538 non
392 2471 545 2555 ilrieeben)
571 2472 601 2538 iu
624 2475 670 2537 bet
693 2470 770 2538 &sib
773 2471 826 2547 itte
814 2470 1013 2555 militaturum*
1068 2472 1137 2534 Hoe
1159 2473 1267 2534 autom
1294 2488 1362 2534 ma-

239 2574 308 2637 lum
329 2575 506 2656 vitiumque
529 2577 580 2638 est
603 2573 732 2656 llpmun
743 2573 973 2656 philosophiae
989 2572 1112 2654 quod
1087 2591 1156 2636 sine
1177 2590 1276 2636 eausa
1298 2572 1361 2636 ali·

242 2677 319 2757 quid
341 2675 463 2740 laetum
485 2693 553 2740 esse
577 2677 700 2741 doeuit:
746 2674 840 2760 ,tfpier
861 2674 912 2757 bet
934 2679 990 2741 ted
1014 2671 1086 2754 &qd
1089 2692 1130 2739 em
1154 2671 1327 2753 (tellure
1305 2693 1364 2740 ειιεε

239 2782 337 2857 (neue)
360 2777 447 2845 aare.
499 2777 597 2864 iuctq
620 2779 670 2858 [tlt
695 2783 750 2844 ooo
774 2776 904 2862 {liuttici
928 2775 1287 2861 raesptolabantur
1310 2779 1362 2844 ten
1462 2789 1463 2844 l

239 2880 354 2948 tientes
385 2880 466 2963 hurd)
489 2879 682 2966 biumeiiunq
713 2881 768 2961 eui
788 2881 830 2946 bie
864 2878 1064 2960 lutulentum
1086 2877 1293 2964 bonooperum
1316 2883 1363 2944 bct

240 2981 393 3064 threiciam
416 2988 474 3048 aut
500 2991 544 3048 ter
567 2983 700 3063 sodorol
726 2985 848 3066 (Lange
870 2983 892 3048 1.
914 2984 935 3048 l.
958 3002 1010 3064 pg.
1033 2983 1097 3063 46).
1142 2983 1249 3064 Atque
1273 2983 1362 3065 equi-

240 3086 327 3164 dem,
361 3088 518 3168 quantum
551 3086 733 3150 eonieetura
765 3087 930 3150 asseeutus
953 3104 1038 3162 sum,
1061 3086 1268 3166 pronuntiare
1299 3104 1362 3150 non

240 3188 366 3265 dubito,
401 3188 574 3270 Epiourum
607 3187 713 3270 ipsum
746 3189 864 3252 liberae
897 3186 1071 3252 voluntatis
1104 3187 1298 3268 praesidium
1326 3188 1363 3250 ab
1461 3207 1462 3260 3

155 3290 157 3296 '
241 3291 354 3354 atomis
377 3290 612 3354 deelinantibus
634 3309 699 3354 non
722 3291 862 3372 petiisse.
906 3289 981 3352 Alia
1003 3288 1087 3352 enim
1110 3289 1141 3352 ei
1152 3293 1279 3371 praesto
1302 3289 1365 3353 fuit

241 3393 308 3470 via,
332 3411 394 3474 qua
426 3394 509 3457 hane
530 3393 711 3457 libertatem
745 3392 851 3473 potuit
883 3391 1038 3472 explicaro
1065 3393 1162 3473 atque
1186 3391 1362 3456 defendere.

241 3493 361 3573 Quodsi
394 3495 640 3559 deelinationem
672 3495 762 3558 illam
796 3495 865 3558 sine
893 3511 989 3558 eausa
1010 3497 1113 3558 ortam
1135 3495 1304 3577 seriptores
1329 3494 1363 3556 in

240 3596 319 3676 ipsis
341 3597 455 3661 atomis
477 3600 642 3679 tamquam
671 3597 853 3661 deelinandi
874 3597 1071 3661 voluntatem
1094 3597 1238 3662 videmus
1262 3597 1359 3660 eollo-

241 3716 339 3776 oasse,
362 3699 397 3762 in
419 3717 472 3763 eos
493 3700 573 3763 bene
595 3699 762 3780 quadrant,
785 3717 865 3781 quae
889 3699 1111 3781 Ueberwegius
1134 3700 1173 3764 ad
1189 3698 1364 3764 Democriti

240 3800 475 3884 philosophiam
497 3802 662 3866 annotavit
684 3802 748 3884 (pg.
772 3802 844 3885 24):
889 3800 1001 3883 ,dbold
1023 3802 1098 3883 uidit
1120 3804 1163 3868 bie
1186 3801 1361 3881 dllomiiiiet
1459 3789 1460 3808 ³

241 3901 473 3985 illitteratam
497 3904 546 3982 erit
569 3902 736 3983 &obteret
739 3904 811 3970 eben
842 3903 885 3970 tie
907 3903 1133 4018 Uriedpioitqieit
1155 3924 1188 3990 pe
1211 3907 1286 3972 tinet
1308 3904 1362 3971 art

242 4021 299 4072 oon
323 4004 441 4088 Uriedpe
464 4009 498 4073 ot
501 4024 528 4071 et
571 4004 691 4072 mittent
676 4008 735 4072 tem
759 4004 859 4088 tantm
891 3989 956 4082 (τό
984 3991 1244 4090 αὐτόαειτον)
1274 4006 1363 4091 lippo

242 4107 363 4185 desert!
407 4107 655 4190 Mutataoquo
646 4127 681 4171 rn
713 4109 799 4174 hune
831 4109 960 4174 modum
991 4109 1123 4191 Epicuri
1145 4111 1363 4194 philosophiae

242 4211 336 4277 testis
370 4211 450 4276 mihi
484 4212 608 4276 videtur
641 4212 763 4276 exstare
793 4209 959 4277 Stobaeus.
1013 4213 1087 4276 Loei
1119 4213 1157 4276 de
1185 4216 1362 4280 atomorum
