2980 4722
675 258 708 310 33

131 482 343 548 declinatione
366 484 442 546 sunt
463 482 511 546 hi:
538 481 653 546 1206:
681 465 769 544 κατ’
795 461 987 563 ἀνάγκην,
1021 461 1127 542 raro?
1153 491 1251 560 προ-

131 593 298 685 αίρεσιν,
319 583 425 662 κατά
446 585 588 685 τύχην·
635 595 711 656 3461
745 585 948 664 κινεῖσθαι
967 575 1012 660 δὲ
1039 581 1091 661 τά
1111 581 1250 680 ἄτομα

132 706 230 786 τότε
263 708 344 802 μὲν
382 704 488 784 iord
526 707 751 806 στάθμην,
785 698 884 782 τότε
919 694 961 780 δὲ
1001 699 1105 780 κατεῖ
1145 733 1252 802 παρ-

132 829 325 923 έγκλισιν,
353 827 406 905 τά
434 823 479 906 δὲ
513 827 596 906 ἄνω
624 825 847 921 κινούμενα
874 819 979 898 aare?
1008 821 1158 921 πληγήν
1185 829 1253 898 κα)

132 945 389 1044 decusando.
440 952 856 1038 (Plnt.p1.phil.112.5.)
895 955 973 1020 394:
1012 941 1253 1042 Ἐπίκουρος

132 1062 205 1143 δύο
225 1057 306 1164 εἶδε)
327 1065 533 1167 κινήσεωςἹ
554 1063 604 1146 ‘cd
623 1064 730 1145 κατεὲ
751 1062 957 1166 στάθμην
975 1062 1119 1148 andro*
1146 1059 1253 1142 noco?

17 1195 19 1220 ³
131 1187 401 1285 παρέγκλισιν.
441 1186 517 1266 εἰσί
544 1179 595 1266 da'
616 1217 736 1278 τινες,
765 1199 807 1263 οἱ
822 1195 890 1265 καὶ
916 1188 1122 1288 τέταρτον
1149 1176 1252 1274 εἶδος

131 1303 338 1402 εἰσάγουσι
361 1302 410 1386 τό
437 1306 525 1383 κατ’
553 1308 702 1386 odoror
730 1304 831 1406 ὅπερ
859 1313 949 1386 ἐστὶ
976 1305 1026 1386 τό
1054 1302 1160 1383 κατά
1187 1304 1254 1402 γε’-

132 1454 257 1502 νεσιν.
295 1423 403 1504 ἄλλοι
425 1420 468 1504 δὲ
487 1437 555 1505 καὶ
574 1426 649 1526 τήν
676 1422 940 1526 ὄιανοητικήν
957 1425 1252 1527 προστιθέασι,

129 1544 259 1643 μέχρι
287 1544 364 1644 γάρ
392 1549 475 1622 τῶν
502 1547 625 1625 πέντε
658 1543 908 1646 προῦβησαν.
960 1554 1022 1635 (ΡΙ.
1041 1551 1253 1636 philiam.)

130 1661 323 1726 blonendnm
347 1666 396 1727 est
418 1664 524 1741 etiam,
547 1665 631 1747 apud
654 1665 829 1746 Diogenem
859 1665 1021 1730 laertium
1053 1664 1179 1728 nullum
1202 1663 1252 1728 in-

130 1763 231 1828 veniri
246 1765 360 1842 locum,
377 1784 413 1830 er
429 1785 490 1847 quo
505 1767 606 1848 possit
622 1767 739 1847 colligi,
755 1767 929 1848 llpicurum
945 1767 1063 1832 liberae
1079 1765 1253 1830 voluntatis

130 1865 344 1930 defendendae
368 1886 463 1932 causa
486 1871 663 1932 atomorum
685 1867 932 1933 declinationem
947 1868 1120 1934 induxisse.
1165 1867 1251 1931 Mul-

130 1971 183 2032 tus
206 1971 314 2032 autem
337 1971 387 2033 est
408 1970 578 2034 Lucretius
601 1971 636 2034 in
657 1971 717 2034 hac
739 1971 883 2036 doctrina
906 1969 1106 2053 explicanda,
1129 1971 1252 2034 multus

130 2088 222 2150 porro
251 2073 301 2134 est
324 2069 432 2136 Cicero
463 2071 497 2135 in
518 2072 600 2138 libro
631 2072 669 2136 de
694 2073 760 2138 fato
788 2073 817 2137 X
841 2075 891 2138 22.
915 2074 955 2136 23
978 2075 1011 2137 et
1033 2073 1067 2136 in
1089 2073 1192 2154 primo
1214 2073 1252 2136 de

131 2173 246 2235 natura
268 2173 398 2238 deorum
421 2174 509 2238 XXV
532 2175 572 2238 69
595 2175 629 2238 in
652 2193 688 2240 ea
709 2175 978 2257 reprehendenda,
993 2193 1088 2257 quam
1110 2175 1145 2238 in
1172 2174 1253 2238 libro

131 2275 232 2355 primo
262 2276 299 2340 de
326 2275 444 2341 finibus
474 2276 533 2357 VI,
557 2277 613 2342 ubi
635 2277 672 2345 de
696 2277 805 2342 eadem
828 2294 861 2342 re
885 2277 1029 2355 disserit,
1051 2295 1091 2342 ne
1114 2295 1251 2340 comme-

132 2381 234 2441 morat
263 2379 407 2460 quidem,
438 2379 602 2462 obiterque
642 2397 711 2444 earn
745 2383 884 2462 tangunt
918 2379 1124 2444 Philodemus
1162 2371 1253 2462 περὶ

132 2462 308 2562 σημείων
336 2471 404 2542 καὶ
431 2463 692 2563 σημειώσεων
723 2483 796 2566 (col.
828 2485 876 2548 36.
907 2482 959 2565 11)
997 2485 1030 2547 et
1058 2482 1252 2548 Plutarchus

132 2581 192 2663 (De
230 2583 373 2648 sollertia
405 2583 591 2648 animalium
620 2585 662 2667 7).
717 2585 839 2650 Horum
873 2586 911 2650 de
934 2585 1124 2650 auctoritate
1148 2587 1180 2648 et
1214 2584 1252 2648 de

132 2683 284 2759 fontibus,
307 2686 423 2764 quibus
446 2686 497 2748 usi
520 2705 588 2749 esse
611 2687 792 2764 videantur,
814 2687 918 2751 fusius
941 2705 1143 2770 exponemus,
1164 2690 1251 2770 post

132 2801 227 2864 quam
249 2787 389 2849 nostram
413 2785 451 2850 de
468 2787 568 2851 libera
583 2789 757 2864 voluntate,
780 2790 907 2870 qualem
923 2789 1080 2871 Epicurus
1100 2789 1252 2866 docuerit,

133 2887 327 2950 sententiam
355 2889 583 2969 protulerimus
612 2890 832 2971 prolatamque
862 2891 1061 2972 argumentis
1084 2891 1251 2954 confirma·

131 3007 279 3053 verrinus.

236 3125 537 3194 Manifestissimum
560 3128 797 3208 testimonium,
826 3149 863 3194 ex
886 3150 948 3212 quo
970 3133 1110 3213 apparet,
1134 3129 1275 3212 Epicu»

131 3248 202 3292 rum
231 3229 412 3294 libertatern
446 3230 620 3296 voluntatis
653 3231 870 3298 aninrantihus
904 3233 1041 3298 voluisse
1076 3233 1174 3309 tueri,
1204 3235 1253 3295 est

132 3329 220 3392 locus
244 3335 429 3398 notissimus
459 3334 542 3415 apud
565 3333 742 3415 Diogenem
765 3334 943 3400 Laertium:
988 3315 1038 3400 τδ
1078 3313 1122 3398 δὲ
1161 3318 1252 3416 παρ’

133 3414 239 3512 ἡμᾶς
266 3411 509 3497 ἀδέσποτον.
570 3435 811 3502 concedendum
853 3456 928 3502 sane
961 3439 1011 3502 est
1046 3436 1187 3501 Hirzelio
1220 3439 1253 3500 et

134 3533 288 3614 Woltjero
317 3537 419 3600 multo
447 3538 565 3602 rectius
597 3538 830 3620 philosophiam
857 3540 1062 3604 decursuram
1085 3539 1201 3618 fuisse,
1225 3539 1252 3602 si

131 3639 305 3717 praeeunte
326 3637 508 3703 Democrito
531 3640 688 3732 Epicurus
711 3642 891 3706 libertatem
914 3643 1004 3706 illam
1027 3662 1043 3706 e
1065 3661 1171 3724 rerum
1194 3660 1251 3705 na-

131 3740 205 3802 tura
227 3740 422 3806 abstulisset.
466 3741 547 3807 Cum
570 3743 717 3824 magistri
739 3744 915 3825 doctrinam
923 3745 971 3826 ¹in
995 3764 1030 3810 eo
1057 3746 1252 3826 sequeretur,

130 3846 168 3908 ut
199 3845 326 3926 praeter
358 3847 477 3908 atomos
513 3849 546 3912 et
567 3845 662 3910 inane
696 3846 779 3910 nihil
801 3867 869 3912 esse
892 3848 1026 3924 diceret,
1055 3847 1251 3912 admirabilis

131 3946 227 4010 huius
249 3946 412 4011 doctrinae
434 3966 561 4014 oausam
584 3949 618 4014 in
641 3949 825 4034 discrimine
841 3951 977 4034 positam
1000 3969 1069 4016 esse
1090 3953 1251 4031 putamus,

131 4049 215 4128 quod
236 4050 321 4115 inter
343 4051 488 4132 magistri
511 4051 724 4135 discipulique
755 4053 792 4118 de
815 4055 938 4118 animae
961 4056 1076 4118 natura
1097 4053 1252 4134 placitum

131 4149 309 4218 intercedit.
361 4153 562 4219 Democritus
589 4155 675 4220 enim
708 4159 848 4222 animam
877 4156 939 4224 nisi
969 4155 1166 4221 extrinsecus
1189 4155 1250 4218 im-

1083 4256 1099 4311 3
