<?xml version="1.0" encoding="UTF-8"?>
<!DOCTYPE html PUBLIC "-//W3C//DTD XHTML 1.0 Transitional//EN"
    "http://www.w3.org/TR/xhtml1/DTD/xhtml1-transitional.dtd">
<html xmlns="http://www.w3.org/1999/xhtml" xml:lang="en" lang="en">
 <head>
  <title>
</title>
<meta http-equiv="Content-Type" content="text/html;charset=utf-8" />
  <meta name='ocr-system' content='tesseract 3.04.00' />
  <meta name='ocr-capabilities' content='ocr_page ocr_carea ocr_par ocr_line ocrx_word'/>
</head>
<body>
  <div class='ocr_page' id='page_1' title='image "annotationesadl01eichgoog_0037.png"; bbox 0 0 2980 4722; ppageno 0'>
   <div class='ocr_carea' id='block_1_1' title="bbox 773 325 807 378">
    <p class='ocr_par' dir='ltr' id='par_1_1' title="bbox 773 325 807 378">
     <span class='ocr_line' id='line_1_1' title="bbox 773 325 807 378; baseline 0 0"><span class='ocrx_word' id='word_1_1' title='bbox 773 325 807 378; x_wconf 84' lang='lat'>30</span> 
     </span>
    </p>
   </div>
   <div class='ocr_carea' id='block_1_2' title="bbox 713 397 866 406">
    <p class='ocr_par' dir='ltr' id='par_1_2' title="bbox 713 397 866 406">
     <span class='ocr_line' id='line_1_2' title="bbox 713 397 866 406; baseline 0 -1"><span class='ocrx_word' id='word_1_2' title='bbox 713 397 866 406; x_wconf 74' lang='lat'>--——--</span> 
     </span>
    </p>
   </div>
   <div class='ocr_carea' id='block_1_3' title="bbox 236 530 1359 920">
    <p class='ocr_par' dir='ltr' id='par_1_3' title="bbox 236 530 1359 920">
     <span class='ocr_line' id='line_1_3' title="bbox 238 530 1359 613; baseline 0.001 -19"><span class='ocrx_word' id='word_1_3' title='bbox 238 549 307 594; x_wconf 89' lang='lat' dir='ltr'>esse</span> <span class='ocrx_word' id='word_1_4' title='bbox 329 530 497 596; x_wconf 90' lang='lat' dir='ltr'>intellectu</span> <span class='ocrx_word' id='word_1_5' title='bbox 511 532 628 606; x_wconf 87' lang='lat' dir='ltr'>monet,</span> <span class='ocrx_word' id='word_1_6' title='bbox 651 531 735 612; x_wconf 92' lang='lat' dir='ltr'>quod</span> <span class='ocrx_word' id='word_1_7' title='bbox 749 531 915 596; x_wconf 89' lang='lat' dir='ltr'>vinculum</span> <span class='ocrx_word' id='word_1_8' title='bbox 937 530 1079 612; x_wconf 76' lang='lat' dir='ltr'>posuerit</span> <span class='ocrx_word' id='word_1_9' title='bbox 1094 531 1251 613; x_wconf 78' lang='lat' dir='ltr'>Epicurus</span> <span class='ocrx_word' id='word_1_10' title='bbox 1274 532 1359 596; x_wconf 86' lang='lat' dir='ltr'>inter</span> 
     </span>
     <span class='ocr_line' id='line_1_4' title="bbox 236 632 1357 715; baseline 0 -19"><span class='ocrx_word' id='word_1_11' title='bbox 236 633 372 715; x_wconf 88' lang='lat' dir='ltr'>primam</span> <span class='ocrx_word' id='word_1_12' title='bbox 392 634 570 697; x_wconf 88' lang='lat' dir='ltr'>atomorum</span> <span class='ocrx_word' id='word_1_13' title='bbox 585 632 830 698; x_wconf 77' lang='lat' dir='ltr'><strong>declinationem</strong></span> <span class='ocrx_word' id='word_1_14' title='bbox 845 635 879 698; x_wconf 90' lang='lat' dir='ltr'>et</span> <span class='ocrx_word' id='word_1_15' title='bbox 893 634 1090 698; x_wconf 86' lang='lat' dir='ltr'>uoluntatem</span> <span class='ocrx_word' id='word_1_16' title='bbox 1112 638 1263 710; x_wconf 87' lang='lat' dir='ltr'>nostram,</span> <span class='ocrx_word' id='word_1_17' title='bbox 1286 653 1357 698; x_wconf 92' lang='lat' dir='ltr'>cum</span> 
     </span>
     <span class='ocr_line' id='line_1_5' title="bbox 237 735 1359 816; baseline 0.002 -18"><span class='ocrx_word' id='word_1_18' title='bbox 237 737 319 799; x_wconf 86' lang='lat' dir='ltr'>hanc</span> <span class='ocrx_word' id='word_1_19' title='bbox 340 735 379 799; x_wconf 90' lang='lat' dir='ltr'>ab</span> <span class='ocrx_word' id='word_1_20' title='bbox 402 735 517 799; x_wconf 88' lang='lat' dir='ltr'>exteris</span> <span class='ocrx_word' id='word_1_21' title='bbox 540 735 654 799; x_wconf 86' lang='lat' dir='ltr'>atomis</span> <span class='ocrx_word' id='word_1_22' title='bbox 677 736 809 800; x_wconf 88' lang='lat' dir='ltr'>liberam</span> <span class='ocrx_word' id='word_1_23' title='bbox 832 755 901 800; x_wconf 89' lang='lat' dir='ltr'>esse</span> <span class='ocrx_word' id='word_1_24' title='bbox 924 737 1064 800; x_wconf 72' lang='lat' dir='ltr'>statuere</span> <span class='ocrx_word' id='word_1_25' title='bbox 1087 735 1243 800; x_wconf 88' lang='lat' dir='ltr'>debuerit.</span> <span class='ocrx_word' id='word_1_26' title='bbox 1288 735 1359 816; x_wconf 81' lang='lat' dir='ltr'>Qua</span> 
     </span>
     <span class='ocr_line' id='line_1_6' title="bbox 237 837 1359 920; baseline 0 -18"><span class='ocrx_word' id='word_1_27' title='bbox 237 838 275 902; x_wconf 89' lang='lat' dir='ltr'>de</span> <span class='ocrx_word' id='word_1_28' title='bbox 298 857 331 902; x_wconf 92' lang='lat' dir='ltr'>re</span> <span class='ocrx_word' id='word_1_29' title='bbox 354 838 498 920; x_wconf 88' lang='lat' dir='ltr'>quamvis</span> <span class='ocrx_word' id='word_1_30' title='bbox 527 837 695 902; x_wconf 89' lang='lat' dir='ltr'>Lucretius</span> <span class='ocrx_word' id='word_1_31' title='bbox 717 858 783 902; x_wconf 89' lang='lat' dir='ltr'>non</span> <span class='ocrx_word' id='word_1_32' title='bbox 804 839 961 916; x_wconf 86' lang='lat' dir='ltr'>docuerit,</span> <span class='ocrx_word' id='word_1_33' title='bbox 991 841 1100 903; x_wconf 89' lang='lat' dir='ltr'>tamen</span> <span class='ocrx_word' id='word_1_34' title='bbox 1127 839 1224 902; x_wconf 77' lang='lat' dir='ltr'>facile</span> <span class='ocrx_word' id='word_1_35' title='bbox 1253 839 1359 902; x_wconf 88' lang='lat' dir='ltr'>conie-</span> 
     </span>
    </p>
   </div>
   <div class='ocr_carea' id='block_1_4' title="bbox 237 939 1469 1023">
    <p class='ocr_par' dir='ltr' id='par_1_4' title="bbox 237 939 1469 1023">
     <span class='ocr_line' id='line_1_7' title="bbox 237 939 1469 1023; baseline 0 -19"><span class='ocrx_word' id='word_1_36' title='bbox 237 951 327 1005; x_wconf 84' lang='lat' dir='ltr'>ctura</span> <span class='ocrx_word' id='word_1_37' title='bbox 340 959 509 1022; x_wconf 89' lang='lat' dir='ltr'>possumus</span> <span class='ocrx_word' id='word_1_38' title='bbox 524 939 660 1022; x_wconf 89' lang='lat' dir='ltr'>assequi,</span> <span class='ocrx_word' id='word_1_39' title='bbox 682 941 804 1006; x_wconf 89' lang='lat' dir='ltr'>animas</span> <span class='ocrx_word' id='word_1_40' title='bbox 819 960 856 1006; x_wconf 86' lang='lat' dir='ltr'>ex</span> <span class='ocrx_word' id='word_1_41' title='bbox 879 942 925 1006; x_wconf 89' lang='lat' dir='ltr'>eis</span> <span class='ocrx_word' id='word_1_42' title='bbox 947 941 1062 1006; x_wconf 87' lang='lat' dir='ltr'>atomis</span> <span class='ocrx_word' id='word_1_43' title='bbox 1077 959 1146 1006; x_wconf 88' lang='lat' dir='ltr'>esse</span> <span class='ocrx_word' id='word_1_44' title='bbox 1162 941 1360 1023; x_wconf 88' lang='lat' dir='ltr'>compositae,</span> <span class='ocrx_word' id='word_1_45' title='bbox 1434 967 1436 974; x_wconf 95' lang='lat'>·</span> <span class='ocrx_word' id='word_1_46' title='bbox 1468 967 1469 978; x_wconf 47' lang='lat'>¹</span> 
     </span>
    </p>
   </div>
   <div class='ocr_carea' id='block_1_5' title="bbox 237 1042 1364 4198">
    <p class='ocr_par' dir='ltr' id='par_1_5' title="bbox 237 1042 1361 2456">
     <span class='ocr_line' id='line_1_8' title="bbox 237 1042 1358 1126; baseline -0.001 -19"><span class='ocrx_word' id='word_1_47' title='bbox 237 1043 409 1126; x_wconf 90' lang='lat' dir='ltr'>inquibus</span> <span class='ocrx_word' id='word_1_48' title='bbox 432 1042 614 1108; x_wconf 89' lang='lat' dir='ltr'>declinandi</span> <span class='ocrx_word' id='word_1_49' title='bbox 635 1043 782 1108; x_wconf 86' lang='lat' dir='ltr'>voluntas</span> <span class='ocrx_word' id='word_1_50' title='bbox 805 1046 838 1108; x_wconf 91' lang='lat' dir='ltr'>et</span> <span class='ocrx_word' id='word_1_51' title='bbox 860 1044 935 1108; x_wconf 91' lang='lat' dir='ltr'>olim</span> <span class='ocrx_word' id='word_1_52' title='bbox 959 1044 1022 1108; x_wconf 89' lang='lat' dir='ltr'>fuit</span> <span class='ocrx_word' id='word_1_53' title='bbox 1044 1046 1077 1108; x_wconf 90' lang='lat' dir='ltr'>et</span> <span class='ocrx_word' id='word_1_54' title='bbox 1103 1044 1286 1108; x_wconf 88' lang='lat' dir='ltr'>etiamnunc</span> <span class='ocrx_word' id='word_1_55' title='bbox 1307 1043 1358 1106; x_wconf 90' lang='lat' dir='ltr'>in-</span> 
     </span>
     <span class='ocr_line' id='line_1_9' title="bbox 238 1145 1359 1228; baseline -0.002 -19"><span class='ocrx_word' id='word_1_56' title='bbox 238 1149 296 1211; x_wconf 87' lang='lat' dir='ltr'>est.</span> <span class='ocrx_word' id='word_1_57' title='bbox 340 1145 398 1209; x_wconf 89' lang='lat' dir='ltr'>Est</span> <span class='ocrx_word' id='word_1_58' title='bbox 419 1145 520 1226; x_wconf 85' lang='lat' dir='ltr'>igitur</span> <span class='ocrx_word' id='word_1_59' title='bbox 542 1145 667 1210; x_wconf 89' lang='lat' dir='ltr'>animus</span> <span class='ocrx_word' id='word_1_60' title='bbox 689 1165 740 1210; x_wconf 86' lang='lat' dir='ltr'>res</span> <span class='ocrx_word' id='word_1_61' title='bbox 763 1164 796 1210; x_wconf 94' lang='lat' dir='ltr'>se</span> <span class='ocrx_word' id='word_1_62' title='bbox 819 1165 948 1212; x_wconf 86' lang='lat' dir='ltr'>movens</span> <span class='ocrx_word' id='word_1_63' title='bbox 969 1165 1071 1228; x_wconf 90' lang='lat' dir='ltr'>neque</span> <span class='ocrx_word' id='word_1_64' title='bbox 1094 1146 1170 1211; x_wconf 89' lang='lat' dir='ltr'>solis</span> <span class='ocrx_word' id='word_1_65' title='bbox 1193 1145 1359 1228; x_wconf 85' lang='lat' dir='ltr'>gravitatis</span> 
     </span>
     <span class='ocr_line' id='line_1_10' title="bbox 237 1247 1359 1331; baseline -0.001 -20"><span class='ocrx_word' id='word_1_66' title='bbox 237 1248 361 1329; x_wconf 82' lang='lat' dir='ltr'>legibus</span> <span class='ocrx_word' id='word_1_67' title='bbox 383 1247 526 1312; x_wconf 87' lang='lat' dir='ltr'>subiecta</span> <span class='ocrx_word' id='word_1_68' title='bbox 548 1248 603 1313; x_wconf 92' lang='lat' dir='ltr'>sed</span> <span class='ocrx_word' id='word_1_69' title='bbox 626 1267 701 1314; x_wconf 89' lang='lat' dir='ltr'>suae</span> <span class='ocrx_word' id='word_1_70' title='bbox 723 1249 824 1331; x_wconf 89' lang='lat' dir='ltr'>ipsius</span> <span class='ocrx_word' id='word_1_71' title='bbox 840 1249 1000 1316; x_wconf 87' lang='lat' dir='ltr'>voluntati</span> <span class='ocrx_word' id='word_1_72' title='bbox 1014 1249 1245 1331; x_wconf 84' lang='lat' dir='ltr'>obtemperans.</span> <span class='ocrx_word' id='word_1_73' title='bbox 1290 1247 1359 1327; x_wconf 78' lang='lat' dir='ltr'>Qua</span> 
     </span>
     <span class='ocr_line' id='line_1_11' title="bbox 238 1350 1360 1435; baseline 0.001 -23"><span class='ocrx_word' id='word_1_74' title='bbox 238 1350 276 1413; x_wconf 91' lang='lat' dir='ltr'>de</span> <span class='ocrx_word' id='word_1_75' title='bbox 307 1368 403 1416; x_wconf 87' lang='lat' dir='ltr'>causa</span> <span class='ocrx_word' id='word_1_76' title='bbox 435 1352 616 1418; x_wconf 85' lang='lat' dir='ltr'>naturalem</span> <span class='ocrx_word' id='word_1_77' title='bbox 648 1353 713 1416; x_wconf 92' lang='lat' dir='ltr'>vim</span> <span class='ocrx_word' id='word_1_78' title='bbox 745 1353 857 1430; x_wconf 91' lang='lat' dir='ltr'>habet,</span> <span class='ocrx_word' id='word_1_79' title='bbox 887 1371 950 1435; x_wconf 91' lang='lat' dir='ltr'>qna</span> <span class='ocrx_word' id='word_1_80' title='bbox 972 1352 1112 1418; x_wconf 86' lang='lat' dir='ltr'>intendit</span> <span class='ocrx_word' id='word_1_81' title='bbox 1139 1369 1172 1414; x_wconf 91' lang='lat' dir='ltr'>se</span> <span class='ocrx_word' id='word_1_82' title='bbox 1195 1350 1235 1414; x_wconf 93' lang='lat' dir='ltr'>ad</span> <span class='ocrx_word' id='word_1_83' title='bbox 1257 1368 1303 1426; x_wconf 86' lang='lat' dir='ltr'>ea,</span> <span class='ocrx_word' id='word_1_84' title='bbox 1326 1350 1360 1413; x_wconf 92' lang='lat' dir='ltr'>in</span> 
     </span>
     <span class='ocr_line' id='line_1_12' title="bbox 238 1445 1361 1537; baseline -0.002 -21"><span class='ocrx_word' id='word_1_85' title='bbox 238 1445 353 1532; x_wconf 86' lang='lat' dir='ltr'>quibus</span> <span class='ocrx_word' id='word_1_86' title='bbox 386 1454 563 1534; x_wconf 75' lang='lat' dir='ltr'>cogitandis</span> <span class='ocrx_word' id='word_1_87' title='bbox 596 1455 675 1518; x_wconf 85' lang='lat' dir='ltr'>velit</span> <span class='ocrx_word' id='word_1_88' title='bbox 707 1456 835 1520; x_wconf 88' lang='lat' dir='ltr'>versari.</span> <span class='ocrx_word' id='word_1_89' title='bbox 892 1457 998 1537; x_wconf 84' lang='lat' dir='ltr'>Atque</span> <span class='ocrx_word' id='word_1_90' title='bbox 1031 1454 1138 1518; x_wconf 90' lang='lat' dir='ltr'>omnia</span> <span class='ocrx_word' id='word_1_91' title='bbox 1170 1471 1243 1516; x_wconf 92' lang='lat' dir='ltr'>cum</span> <span class='ocrx_word' id='word_1_92' title='bbox 1265 1453 1361 1532; x_wconf 89' lang='lat' dir='ltr'>plena</span> 
     </span>
     <span class='ocr_line' id='line_1_13' title="bbox 238 1554 1358 1637; baseline 0 -21"><span class='ocrx_word' id='word_1_93' title='bbox 238 1556 345 1618; x_wconf 88' lang='lat' dir='ltr'>essent</span> <span class='ocrx_word' id='word_1_94' title='bbox 367 1554 619 1632; x_wconf 79' lang='lat' dir='ltr'>simulacrorum,</span> <span class='ocrx_word' id='word_1_95' title='bbox 642 1556 758 1636; x_wconf 90' lang='lat' dir='ltr'>quibus</span> <span class='ocrx_word' id='word_1_96' title='bbox 781 1576 859 1637; x_wconf 91' lang='lat' dir='ltr'>opus</span> <span class='ocrx_word' id='word_1_97' title='bbox 882 1559 932 1620; x_wconf 88' lang='lat' dir='ltr'>est</span> <span class='ocrx_word' id='word_1_98' title='bbox 954 1557 993 1618; x_wconf 93' lang='lat' dir='ltr'>ad</span> <span class='ocrx_word' id='word_1_99' title='bbox 1016 1555 1224 1636; x_wconf 85' lang='lat' dir='ltr'>cogitationes</span> <span class='ocrx_word' id='word_1_100' title='bbox 1248 1571 1358 1616; x_wconf 90' lang='lat' dir='ltr'>crean-</span> 
     </span>
     <span class='ocr_line' id='line_1_14' title="bbox 238 1655 1359 1737; baseline -0.003 -19"><span class='ocrx_word' id='word_1_101' title='bbox 238 1656 310 1732; x_wconf 71' lang='grc'><strong>1111,</strong></span> <span class='ocrx_word' id='word_1_102' title='bbox 339 1656 400 1719; x_wconf 93' lang='lat' dir='ltr'>hac</span> <span class='ocrx_word' id='word_1_103' title='bbox 432 1657 555 1720; x_wconf 88' lang='lat' dir='ltr'>ratione</span> <span class='ocrx_word' id='word_1_104' title='bbox 588 1675 645 1720; x_wconf 88' lang='lat' dir='ltr'>suo</span> <span class='ocrx_word' id='word_1_105' title='bbox 678 1657 747 1720; x_wconf 87' lang='lat' dir='ltr'>inre</span> <span class='ocrx_word' id='word_1_106' title='bbox 769 1657 926 1737; x_wconf 79' lang='lat' dir='ltr'>Epicurus</span> <span class='ocrx_word' id='word_1_107' title='bbox 950 1657 1059 1720; x_wconf 88' lang='lat' dir='ltr'>docere</span> <span class='ocrx_word' id='word_1_108' title='bbox 1081 1655 1202 1736; x_wconf 82' lang='lat' dir='ltr'>potuit,</span> <span class='ocrx_word' id='word_1_109' title='bbox 1225 1655 1359 1718; x_wconf 88' lang='lat' dir='ltr'>liberam</span> 
     </span>
     <span class='ocr_line' id='line_1_15' title="bbox 238 1757 1359 1840; baseline -0.003 -19"><span class='ocrx_word' id='word_1_110' title='bbox 238 1777 306 1822; x_wconf 89' lang='lat' dir='ltr'>esse</span> <span class='ocrx_word' id='word_1_111' title='bbox 328 1758 544 1832; x_wconf 87' lang='lat' dir='ltr'>animantibus</span> <span class='ocrx_word' id='word_1_112' title='bbox 568 1759 773 1834; x_wconf 87' lang='lat' dir='ltr'>voluntatem,</span> <span class='ocrx_word' id='word_1_113' title='bbox 797 1759 880 1840; x_wconf 92' lang='lat' dir='ltr'>quod</span> <span class='ocrx_word' id='word_1_114' title='bbox 902 1757 1028 1822; x_wconf 85' lang='lat' dir='ltr'>animus</span> <span class='ocrx_word' id='word_1_115' title='bbox 1051 1776 1084 1822; x_wconf 88' lang='lat' dir='ltr'>se</span> <span class='ocrx_word' id='word_1_116' title='bbox 1107 1759 1228 1820; x_wconf 90' lang='lat' dir='ltr'>vertere</span> <span class='ocrx_word' id='word_1_117' title='bbox 1250 1758 1359 1836; x_wconf 88' lang='lat' dir='ltr'>posset</span> 
     </span>
     <span class='ocr_line' id='line_1_16' title="bbox 238 1859 1355 1942; baseline -0.003 -19"><span class='ocrx_word' id='word_1_118' title='bbox 238 1859 278 1924; x_wconf 91' lang='lat' dir='ltr'>ad</span> <span class='ocrx_word' id='word_1_119' title='bbox 299 1878 337 1924; x_wconf 91' lang='lat' dir='ltr'>ea</span> <span class='ocrx_word' id='word_1_120' title='bbox 367 1860 557 1938; x_wconf 84' lang='lat' dir='ltr'>simulacra,</span> <span class='ocrx_word' id='word_1_121' title='bbox 589 1861 704 1942; x_wconf 87' lang='lat' dir='ltr'>quibus</span> <span class='ocrx_word' id='word_1_122' title='bbox 729 1861 859 1926; x_wconf 89' lang='lat' dir='ltr'>incitari</span> <span class='ocrx_word' id='word_1_123' title='bbox 882 1862 967 1937; x_wconf 88' lang='lat' dir='ltr'>vult,</span> <span class='ocrx_word' id='word_1_124' title='bbox 998 1863 1035 1926; x_wconf 90' lang='lat' dir='ltr'>ut</span> <span class='ocrx_word' id='word_1_125' title='bbox 1057 1860 1204 1924; x_wconf 86' lang='lat' dir='ltr'>voluntas</span> <span class='ocrx_word' id='word_1_126' title='bbox 1227 1876 1355 1938; x_wconf 86' lang='lat' dir='ltr'>corpore</span> 
     </span>
     <span class='ocr_line' id='line_1_17' title="bbox 238 1961 1359 2044; baseline -0.004 -18"><span class='ocrx_word' id='word_1_127' title='bbox 238 1963 360 2028; x_wconf 89' lang='lat' dir='ltr'>animae</span> <span class='ocrx_word' id='word_1_128' title='bbox 394 1963 512 2028; x_wconf 89' lang='lat' dir='ltr'>auxilio</span> <span class='ocrx_word' id='word_1_129' title='bbox 542 1963 732 2028; x_wconf 83' lang='lat' dir='ltr'>efficeretur.</span> <span class='ocrx_word' id='word_1_130' title='bbox 792 1964 918 2028; x_wconf 87' lang='lat' dir='ltr'>Diserte</span> <span class='ocrx_word' id='word_1_131' title='bbox 952 1963 1037 2028; x_wconf 89' lang='lat' dir='ltr'>enim</span> <span class='ocrx_word' id='word_1_132' title='bbox 1074 1961 1227 2044; x_wconf 84' lang='lat' dir='ltr'>explicuit</span> <span class='ocrx_word' id='word_1_133' title='bbox 1257 1962 1359 2042; x_wconf 85' lang='lat' dir='ltr'>poeta,</span> 
     </span>
     <span class='ocr_line' id='line_1_18' title="bbox 238 2051 1093 2132; baseline -0.001 -3"><span class='ocrx_word' id='word_1_134' title='bbox 238 2083 366 2130; x_wconf 86' lang='lat' dir='ltr'>necesse</span> <span class='ocrx_word' id='word_1_135' title='bbox 389 2083 457 2130; x_wconf 89' lang='lat' dir='ltr'>esse</span> <span class='ocrx_word' id='word_1_136' title='bbox 479 2067 602 2131; x_wconf 84' lang='lat' dir='ltr'>uertere</span> <span class='ocrx_word' id='word_1_137' title='bbox 625 2085 658 2131; x_wconf 90' lang='lat' dir='ltr'>se</span> <span class='ocrx_word' id='word_1_138' title='bbox 680 2067 824 2132; x_wconf 90' lang='lat' dir='ltr'>animum</span> <span class='ocrx_word' id='word_1_139' title='bbox 846 2067 886 2130; x_wconf 89' lang='lat' dir='ltr'>ad</span> <span class='ocrx_word' id='word_1_140' title='bbox 908 2051 1093 2132; x_wconf 88' lang='lat' dir='ltr'>simulacra:</span> 
     </span>
     <span class='ocr_line' id='line_1_19' title="bbox 919 2166 1360 2247; baseline -0.014 -13"><span class='ocrx_word' id='word_1_141' title='bbox 919 2169 1002 2247; x_wconf 91' lang='lat' dir='ltr'>„nisi</span> <span class='ocrx_word' id='word_1_142' title='bbox 1024 2186 1058 2232; x_wconf 94' lang='lat' dir='ltr'>se</span> <span class='ocrx_word' id='word_1_143' title='bbox 1081 2166 1246 2232; x_wconf 88' lang='lat' dir='ltr'>contendit</span> <span class='ocrx_word' id='word_1_144' title='bbox 1267 2167 1360 2228; x_wconf 86' lang='lat' dir='ltr'>acute</span> 
     </span>
     <span class='ocr_line' id='line_1_20' title="bbox 238 2267 1358 2353; baseline -0.004 -19"><span class='ocrx_word' id='word_1_145' title='bbox 238 2271 282 2334; x_wconf 89' lang='lat' dir='ltr'>IV</span> <span class='ocrx_word' id='word_1_146' title='bbox 298 2271 360 2335; x_wconf 84' lang='lat'>802</span> <span class='ocrx_word' id='word_1_147' title='bbox 375 2288 442 2352; x_wconf 90' lang='lat' dir='ltr'>sqq.</span> <span class='ocrx_word' id='word_1_148' title='bbox 466 2289 613 2350; x_wconf 88' lang='lat' dir='ltr'>„cernere</span> <span class='ocrx_word' id='word_1_149' title='bbox 639 2290 704 2335; x_wconf 92' lang='lat' dir='ltr'>non</span> <span class='ocrx_word' id='word_1_150' title='bbox 729 2273 813 2353; x_wconf 90' lang='lat' dir='ltr'>potis</span> <span class='ocrx_word' id='word_1_151' title='bbox 843 2276 892 2336; x_wconf 90' lang='lat' dir='ltr'>est</span> <span class='ocrx_word' id='word_1_152' title='bbox 920 2272 1060 2336; x_wconf 89' lang='lat' dir='ltr'>animus:</span> <span class='ocrx_word' id='word_1_153' title='bbox 1091 2269 1220 2352; x_wconf 91' lang='lat' dir='ltr'>proinde</span> <span class='ocrx_word' id='word_1_154' title='bbox 1251 2267 1358 2332; x_wconf 90' lang='lat' dir='ltr'>omnia</span> 
     </span>
     <span class='ocr_line' id='line_1_21' title="bbox 731 2378 903 2456; baseline 0.006 -18"><span class='ocrx_word' id='word_1_155' title='bbox 731 2378 903 2456; x_wconf 91' lang='lat' dir='ltr'>quaesunt</span> 
     </span>
    </p>

    <p class='ocr_par' dir='ltr' id='par_1_6' title="bbox 323 2474 1280 2559">
     <span class='ocr_line' id='line_1_22' title="bbox 323 2474 1280 2559; baseline -0.004 -18"><span class='ocrx_word' id='word_1_156' title='bbox 323 2477 506 2558; x_wconf 88' lang='lat' dir='ltr'>„praeterea</span> <span class='ocrx_word' id='word_1_157' title='bbox 526 2478 675 2559; x_wconf 88' lang='lat' dir='ltr'>pereunt:</span> <span class='ocrx_word' id='word_1_158' title='bbox 698 2477 762 2540; x_wconf 92' lang='lat' dir='ltr'>nisi</span> <span class='ocrx_word' id='word_1_159' title='bbox 785 2477 813 2540; x_wconf 91' lang='lat' dir='ltr'>si</span> <span class='ocrx_word' id='word_1_160' title='bbox 836 2495 915 2558; x_wconf 91' lang='lat' dir='ltr'>quae</span> <span class='ocrx_word' id='word_1_161' title='bbox 940 2476 979 2540; x_wconf 91' lang='lat' dir='ltr'>ad</span> <span class='ocrx_word' id='word_1_162' title='bbox 1001 2495 1035 2542; x_wconf 90' lang='lat' dir='ltr'>sc</span> <span class='ocrx_word' id='word_1_163' title='bbox 1057 2477 1124 2558; x_wconf 89' lang='lat' dir='ltr'>ipse</span> <span class='ocrx_word' id='word_1_164' title='bbox 1148 2474 1280 2558; x_wconf 86' lang='lat' dir='ltr'>paravit.</span> 
     </span>
    </p>

    <p class='ocr_par' dir='ltr' id='par_1_7' title="bbox 324 2579 1094 2662">
     <span class='ocr_line' id='line_1_23' title="bbox 324 2579 1094 2662; baseline -0.001 -19"><span class='ocrx_word' id='word_1_165' title='bbox 324 2580 412 2661; x_wconf 90' lang='lat' dir='ltr'>„ipse</span> <span class='ocrx_word' id='word_1_166' title='bbox 435 2581 527 2662; x_wconf 89' lang='lat' dir='ltr'>parat</span> <span class='ocrx_word' id='word_1_167' title='bbox 548 2597 617 2643; x_wconf 88' lang='lat' dir='ltr'>sese</span> <span class='ocrx_word' id='word_1_168' title='bbox 639 2597 730 2660; x_wconf 89' lang='lat' dir='ltr'>porro</span> <span class='ocrx_word' id='word_1_169' title='bbox 753 2582 922 2662; x_wconf 89' lang='lat' dir='ltr'>speretque</span> <span class='ocrx_word' id='word_1_170' title='bbox 947 2579 1094 2644; x_wconf 82' lang='lat' dir='ltr'>futurum</span> 
     </span>
    </p>

    <p class='ocr_par' dir='ltr' id='par_1_8' title="bbox 238 2679 1296 2866">
     <span class='ocr_line' id='line_1_24' title="bbox 323 2679 1296 2764; baseline -0.004 -18"><span class='ocrx_word' id='word_1_171' title='bbox 323 2684 381 2758; x_wconf 86' lang='lat' dir='ltr'>„ut</span> <span class='ocrx_word' id='word_1_172' title='bbox 402 2682 509 2746; x_wconf 87' lang='lat' dir='ltr'>videat</span> <span class='ocrx_word' id='word_1_173' title='bbox 530 2682 613 2764; x_wconf 91' lang='lat' dir='ltr'>quod</span> <span class='ocrx_word' id='word_1_174' title='bbox 635 2682 841 2764; x_wconf 87' lang='lat' dir='ltr'>consequitur</span> <span class='ocrx_word' id='word_1_175' title='bbox 863 2700 931 2746; x_wconf 87' lang='lat' dir='ltr'>rem</span> <span class='ocrx_word' id='word_1_176' title='bbox 953 2698 1129 2763; x_wconf 89' lang='lat' dir='ltr'>quamque:</span> <span class='ocrx_word' id='word_1_177' title='bbox 1153 2679 1191 2744; x_wconf 88' lang='lat' dir='ltr'>fit</span> <span class='ocrx_word' id='word_1_178' title='bbox 1213 2697 1296 2759; x_wconf 83' lang='lat' dir='ltr'>ergo.</span> 
     </span>
     <span class='ocr_line' id='line_1_25' title="bbox 238 2781 1278 2866; baseline -0.002 -21"><span class='ocrx_word' id='word_1_179' title='bbox 238 2781 282 2845; x_wconf 92' lang='lat' dir='ltr'>IV</span> <span class='ocrx_word' id='word_1_180' title='bbox 299 2783 360 2846; x_wconf 88' lang='grc'>814</span> <span class='ocrx_word' id='word_1_181' title='bbox 375 2802 421 2865; x_wconf 90' lang='lat' dir='ltr'>sq.</span> <span class='ocrx_word' id='word_1_182' title='bbox 445 2803 522 2861; x_wconf 91' lang='lat' dir='ltr'>„cur</span> <span class='ocrx_word' id='word_1_183' title='bbox 544 2785 644 2866; x_wconf 82' lang='lat' dir='ltr'>igitur</span> <span class='ocrx_word' id='word_1_184' title='bbox 665 2785 824 2861; x_wconf 84' lang='lat' dir='ltr'>mirumst,</span> <span class='ocrx_word' id='word_1_185' title='bbox 846 2785 971 2848; x_wconf 90' lang='lat' dir='ltr'>enimus</span> <span class='ocrx_word' id='word_1_186' title='bbox 994 2784 1022 2848; x_wconf 90' lang='lat' dir='ltr'>si</span> <span class='ocrx_word' id='word_1_187' title='bbox 1045 2787 1151 2848; x_wconf 89' lang='lat' dir='ltr'>cetera</span> <span class='ocrx_word' id='word_1_188' title='bbox 1172 2781 1278 2864; x_wconf 88' lang='lat' dir='ltr'>perdit</span> 
     </span>
    </p>

    <p class='ocr_par' dir='ltr' id='par_1_9' title="bbox 239 2887 1360 3272">
     <span class='ocr_line' id='line_1_26' title="bbox 324 2887 1218 2968; baseline -0.002 -18"><span class='ocrx_word' id='word_1_189' title='bbox 324 2889 566 2968; x_wconf 87' lang='lat' dir='ltr'>„praeterquam</span> <span class='ocrx_word' id='word_1_190' title='bbox 588 2887 704 2968; x_wconf 88' lang='lat' dir='ltr'>quibus</span> <span class='ocrx_word' id='word_1_191' title='bbox 727 2889 777 2951; x_wconf 88' lang='lat' dir='ltr'>est</span> <span class='ocrx_word' id='word_1_192' title='bbox 796 2888 832 2951; x_wconf 92' lang='lat' dir='ltr'>in</span> <span class='ocrx_word' id='word_1_193' title='bbox 853 2888 949 2952; x_wconf 87' lang='lat' dir='ltr'>rebus</span> <span class='ocrx_word' id='word_1_194' title='bbox 971 2887 1097 2952; x_wconf 89' lang='lat' dir='ltr'>deditus</span> <span class='ocrx_word' id='word_1_195' title='bbox 1120 2887 1218 2967; x_wconf 83' lang='lat' dir='ltr'>ipse.“</span> 
     </span>
     <span class='ocr_line' id='line_1_27' title="bbox 239 2987 1360 3070; baseline -0.004 -19"><span class='ocrx_word' id='word_1_196' title='bbox 239 2988 378 3069; x_wconf 85' lang='lat' dir='ltr'>Negavit</span> <span class='ocrx_word' id='word_1_197' title='bbox 393 2991 501 3053; x_wconf 89' lang='lat' dir='ltr'>eutem</span> <span class='ocrx_word' id='word_1_198' title='bbox 517 3007 554 3053; x_wconf 91' lang='lat' dir='ltr'>ea</span> <span class='ocrx_word' id='word_1_199' title='bbox 567 2989 770 3070; x_wconf 90' lang='lat' dir='ltr'>potissimum</span> <span class='ocrx_word' id='word_1_200' title='bbox 785 2991 957 3054; x_wconf 88' lang='lat' dir='ltr'>simulacra</span> <span class='ocrx_word' id='word_1_201' title='bbox 978 2990 1014 3053; x_wconf 91' lang='lat' dir='ltr'>in</span> <span class='ocrx_word' id='word_1_202' title='bbox 1029 2992 1167 3054; x_wconf 91' lang='lat' dir='ltr'>mentem</span> <span class='ocrx_word' id='word_1_203' title='bbox 1189 2987 1360 3060; x_wconf 84' lang='lat' dir='ltr'>incurrere,</span> 
     </span>
     <span class='ocr_line' id='line_1_28' title="bbox 239 3089 1360 3173; baseline -0.002 -19"><span class='ocrx_word' id='word_1_204' title='bbox 239 3091 357 3171; x_wconf 88' lang='lat' dir='ltr'>quibus</span> <span class='ocrx_word' id='word_1_205' title='bbox 380 3091 449 3173; x_wconf 90' lang='lat' dir='ltr'>ipsa</span> <span class='ocrx_word' id='word_1_206' title='bbox 471 3092 587 3154; x_wconf 88' lang='lat' dir='ltr'>lacessi</span> <span class='ocrx_word' id='word_1_207' title='bbox 609 3093 715 3167; x_wconf 87' lang='lat' dir='ltr'>vellet,</span> <span class='ocrx_word' id='word_1_208' title='bbox 738 3093 822 3172; x_wconf 92' lang='lat' dir='ltr'>quod</span> <span class='ocrx_word' id='word_1_209' title='bbox 837 3093 864 3156; x_wconf 91' lang='lat' dir='ltr'>si</span> <span class='ocrx_word' id='word_1_210' title='bbox 879 3093 979 3168; x_wconf 90' lang='lat' dir='ltr'>fieret,</span> <span class='ocrx_word' id='word_1_211' title='bbox 1002 3089 1183 3172; x_wconf 89' lang='lat' dir='ltr'>ponendum</span> <span class='ocrx_word' id='word_1_212' title='bbox 1199 3092 1292 3165; x_wconf 88' lang='lat' dir='ltr'>esset,</span> <span class='ocrx_word' id='word_1_213' title='bbox 1315 3089 1360 3152; x_wconf 87' lang='lat' dir='ltr'>si-</span> 
     </span>
     <span class='ocr_line' id='line_1_29' title="bbox 240 3193 1040 3272; baseline 0 -16"><span class='ocrx_word' id='word_1_214' title='bbox 240 3195 388 3257; x_wconf 85' lang='lat' dir='ltr'>mulacra</span> <span class='ocrx_word' id='word_1_215' title='bbox 408 3194 605 3257; x_wconf 86' lang='lat' dir='ltr'>voluntatem</span> <span class='ocrx_word' id='word_1_216' title='bbox 629 3195 769 3257; x_wconf 89' lang='lat' dir='ltr'>nostram</span> <span class='ocrx_word' id='word_1_217' title='bbox 792 3195 890 3259; x_wconf 89' lang='lat' dir='ltr'>tucri:</span> <span class='ocrx_word' id='word_1_218' title='bbox 913 3194 958 3258; x_wconf 88' lang='lat' dir='ltr'>IV</span> <span class='ocrx_word' id='word_1_219' title='bbox 981 3193 1040 3272; x_wconf 78' lang='lat'>781</span> 
     </span>
    </p>

    <p class='ocr_par' dir='ltr' id='par_1_10' title="bbox 325 3296 1159 3374">
     <span class='ocr_line' id='line_1_30' title="bbox 325 3296 1159 3374; baseline 0 -16"><span class='ocrx_word' id='word_1_220' title='bbox 325 3313 427 3374; x_wconf 85' lang='lat' dir='ltr'>„anne</span> <span class='ocrx_word' id='word_1_221' title='bbox 449 3296 645 3360; x_wconf 88' lang='lat' dir='ltr'>voluntatem</span> <span class='ocrx_word' id='word_1_222' title='bbox 668 3300 810 3360; x_wconf 90' lang='lat' dir='ltr'>nostram</span> <span class='ocrx_word' id='word_1_223' title='bbox 832 3297 1003 3361; x_wconf 86' lang='lat' dir='ltr'>simulacra</span> <span class='ocrx_word' id='word_1_224' title='bbox 1025 3297 1159 3360; x_wconf 88' lang='lat' dir='ltr'>tuentur</span> 
     </span>
    </p>

    <p class='ocr_par' dir='ltr' id='par_1_11' title="bbox 240 3397 1364 4198">
     <span class='ocr_line' id='line_1_31' title="bbox 326 3397 1148 3479; baseline 0 -18"><span class='ocrx_word' id='word_1_225' title='bbox 326 3401 380 3476; x_wconf 90' lang='lat' dir='ltr'>„et</span> <span class='ocrx_word' id='word_1_226' title='bbox 401 3397 536 3461; x_wconf 89' lang='lat' dir='ltr'>simulac</span> <span class='ocrx_word' id='word_1_227' title='bbox 559 3399 703 3462; x_wconf 88' lang='lat' dir='ltr'>volumus</span> <span class='ocrx_word' id='word_1_228' title='bbox 725 3399 816 3462; x_wconf 91' lang='lat' dir='ltr'>nobis</span> <span class='ocrx_word' id='word_1_229' title='bbox 839 3399 978 3463; x_wconf 88' lang='lat' dir='ltr'>occurrit</span> <span class='ocrx_word' id='word_1_230' title='bbox 1000 3398 1148 3479; x_wconf 81' lang='lat' dir='ltr'>imago?“</span> 
     </span>
     <span class='ocr_line' id='line_1_32' title="bbox 240 3499 1361 3582; baseline 0 -18"><span class='ocrx_word' id='word_1_231' title='bbox 240 3499 309 3564; x_wconf 90' lang='lat' dir='ltr'>Hoc</span> <span class='ocrx_word' id='word_1_232' title='bbox 331 3501 433 3578; x_wconf 90' lang='lat' dir='ltr'>modo,</span> <span class='ocrx_word' id='word_1_233' title='bbox 457 3499 485 3564; x_wconf 90' lang='lat' dir='ltr'>si</span> <span class='ocrx_word' id='word_1_234' title='bbox 509 3500 584 3581; x_wconf 90' lang='lat' dir='ltr'>quid</span> <span class='ocrx_word' id='word_1_235' title='bbox 606 3500 704 3576; x_wconf 90' lang='lat' dir='ltr'>video,</span> <span class='ocrx_word' id='word_1_236' title='bbox 728 3500 858 3582; x_wconf 89' lang='lat' dir='ltr'>Epicuri</span> <span class='ocrx_word' id='word_1_237' title='bbox 880 3501 918 3566; x_wconf 93' lang='lat' dir='ltr'>de</span> <span class='ocrx_word' id='word_1_238' title='bbox 941 3501 1042 3566; x_wconf 86' lang='lat' dir='ltr'>libera</span> <span class='ocrx_word' id='word_1_239' title='bbox 1063 3502 1226 3566; x_wconf 88' lang='lat' dir='ltr'>voluntate</span> <span class='ocrx_word' id='word_1_240' title='bbox 1242 3501 1361 3564; x_wconf 91' lang='lat' dir='ltr'>doetri-</span> 
     </span>
     <span class='ocr_line' id='line_1_33' title="bbox 241 3602 1362 3686; baseline -0.001 -20"><span class='ocrx_word' id='word_1_241' title='bbox 241 3621 315 3666; x_wconf 89' lang='lat' dir='ltr'>nam</span> <span class='ocrx_word' id='word_1_242' title='bbox 338 3603 506 3668; x_wconf 88' lang='lat' dir='ltr'>decurrere</span> <span class='ocrx_word' id='word_1_243' title='bbox 529 3604 589 3667; x_wconf 88' lang='lat' dir='ltr'>viri</span> <span class='ocrx_word' id='word_1_244' title='bbox 612 3603 697 3668; x_wconf 91' lang='lat' dir='ltr'>docti</span> <span class='ocrx_word' id='word_1_245' title='bbox 719 3609 860 3670; x_wconf 85' lang='lat' dir='ltr'>censent.</span> <span class='ocrx_word' id='word_1_246' title='bbox 905 3605 1131 3686; x_wconf 89' lang='lat' dir='ltr'>Praeterquam</span> <span class='ocrx_word' id='word_1_247' title='bbox 1148 3606 1255 3668; x_wconf 86' lang='lat' dir='ltr'>autern</span> <span class='ocrx_word' id='word_1_248' title='bbox 1278 3602 1362 3684; x_wconf 92' lang='lat' dir='ltr'>quod</span> 
     </span>
     <span class='ocr_line' id='line_1_34' title="bbox 240 3705 1364 3787; baseline 0 -19"><span class='ocrx_word' id='word_1_249' title='bbox 240 3723 281 3770; x_wconf 91' lang='lat' dir='ltr'>ne</span> <span class='ocrx_word' id='word_1_250' title='bbox 304 3706 382 3770; x_wconf 91' lang='lat' dir='ltr'>haec</span> <span class='ocrx_word' id='word_1_251' title='bbox 405 3705 533 3787; x_wconf 90' lang='lat' dir='ltr'>quidem</span> <span class='ocrx_word' id='word_1_252' title='bbox 565 3706 731 3787; x_wconf 84' lang='lat' dir='ltr'>explicatio</span> <span class='ocrx_word' id='word_1_253' title='bbox 760 3725 868 3772; x_wconf 89' lang='lat' dir='ltr'>omnes</span> <span class='ocrx_word' id='word_1_254' title='bbox 897 3708 1022 3772; x_wconf 81' lang='lat' dir='ltr'>auferat</span> <span class='ocrx_word' id='word_1_255' title='bbox 1044 3706 1274 3782; x_wconf 87' lang='lat' dir='ltr'>dubitationes,</span> <span class='ocrx_word' id='word_1_256' title='bbox 1297 3708 1364 3769; x_wconf 91' lang='lat' dir='ltr'>tota</span> 
     </span>
     <span class='ocr_line' id='line_1_35' title="bbox 241 3806 1363 3888; baseline -0.002 -18"><span class='ocrx_word' id='word_1_257' title='bbox 241 3807 280 3870; x_wconf 91' lang='lat' dir='ltr'>de</span> <span class='ocrx_word' id='word_1_258' title='bbox 303 3824 366 3888; x_wconf 89' lang='lat' dir='ltr'>qua</span> <span class='ocrx_word' id='word_1_259' title='bbox 388 3807 492 3872; x_wconf 86' lang='lat' dir='ltr'>adhue</span> <span class='ocrx_word' id='word_1_260' title='bbox 515 3807 662 3886; x_wconf 82' lang='lat' dir='ltr'>diximus,</span> <span class='ocrx_word' id='word_1_261' title='bbox 684 3809 830 3874; x_wconf 87' lang='lat' dir='ltr'>doctrina</span> <span class='ocrx_word' id='word_1_262' title='bbox 850 3810 884 3873; x_wconf 92' lang='lat' dir='ltr'>in</span> <span class='ocrx_word' id='word_1_263' title='bbox 906 3812 973 3874; x_wconf 87' lang='lat' dir='ltr'>tam</span> <span class='ocrx_word' id='word_1_264' title='bbox 994 3809 1131 3873; x_wconf 89' lang='lat' dir='ltr'>infirmis</span> <span class='ocrx_word' id='word_1_265' title='bbox 1147 3806 1363 3872; x_wconf 84' lang='lat' dir='ltr'>fundamentis</span> 
     </span>
     <span class='ocr_line' id='line_1_36' title="bbox 242 3909 1363 3996; baseline 0 -24"><span class='ocrx_word' id='word_1_266' title='bbox 242 3909 369 3986; x_wconf 85' lang='lat' dir='ltr'>nititur,</span> <span class='ocrx_word' id='word_1_267' title='bbox 392 3911 430 3974; x_wconf 94' lang='lat' dir='ltr'>ut</span> <span class='ocrx_word' id='word_1_268' title='bbox 452 3909 583 3974; x_wconf 90' lang='lat' dir='ltr'>minime</span> <span class='ocrx_word' id='word_1_269' title='bbox 606 3911 696 3974; x_wconf 91' lang='lat' dir='ltr'>nobis</span> <span class='ocrx_word' id='word_1_270' title='bbox 718 3913 820 3993; x_wconf 90' lang='lat' dir='ltr'>possit</span> <span class='ocrx_word' id='word_1_271' title='bbox 841 3912 977 3996; x_wconf 85' lang='lat' dir='ltr'>probari.</span> <span class='ocrx_word' id='word_1_272' title='bbox 1021 3912 1240 3976; x_wconf 87' lang='lat' dir='ltr'>Nihilominus</span> <span class='ocrx_word' id='word_1_273' title='bbox 1255 3913 1363 3974; x_wconf 90' lang='lat' dir='ltr'>tamen</span> 
     </span>
     <span class='ocr_line' id='line_1_37' title="bbox 242 4011 1362 4095; baseline 0.001 -21"><span class='ocrx_word' id='word_1_274' title='bbox 242 4011 276 4074; x_wconf 92' lang='lat' dir='ltr'>in</span> <span class='ocrx_word' id='word_1_275' title='bbox 299 4029 336 4074; x_wconf 91' lang='lat' dir='ltr'>ea</span> <span class='ocrx_word' id='word_1_276' title='bbox 356 4011 447 4076; x_wconf 91' lang='lat' dir='ltr'>nobis</span> <span class='ocrx_word' id='word_1_277' title='bbox 470 4012 736 4095; x_wconf 88' lang='lat' dir='ltr'>acquiescendum</span> <span class='ocrx_word' id='word_1_278' title='bbox 758 4019 858 4092; x_wconf 90' lang='lat' dir='ltr'>esset,</span> <span class='ocrx_word' id='word_1_279' title='bbox 882 4015 910 4078; x_wconf 92' lang='lat' dir='ltr'>si</span> <span class='ocrx_word' id='word_1_280' title='bbox 932 4033 995 4079; x_wconf 92' lang='lat' dir='ltr'>non</span> <span class='ocrx_word' id='word_1_281' title='bbox 1018 4017 1081 4079; x_wconf 89' lang='lat' dir='ltr'>alia</span> <span class='ocrx_word' id='word_1_282' title='bbox 1102 4017 1241 4079; x_wconf 89' lang='lat' dir='ltr'>exstaret</span> <span class='ocrx_word' id='word_1_283' title='bbox 1262 4012 1362 4094; x_wconf 90' lang='lat' dir='ltr'>expli-</span> 
     </span>
     <span class='ocr_line' id='line_1_38' title="bbox 242 4113 1362 4198; baseline 0.012 -22"><span class='ocrx_word' id='word_1_284' title='bbox 242 4113 335 4192; x_wconf 88' lang='lat' dir='ltr'>candi</span> <span class='ocrx_word' id='word_1_285' title='bbox 362 4115 462 4193; x_wconf 87' lang='lat' dir='ltr'>ratio,</span> <span class='ocrx_word' id='word_1_286' title='bbox 501 4133 564 4198; x_wconf 93' lang='lat' dir='ltr'>qua</span> <span class='ocrx_word' id='word_1_287' title='bbox 590 4117 764 4198; x_wconf 81' lang='lat' dir='ltr'>Epicurum</span> <span class='ocrx_word' id='word_1_288' title='bbox 798 4118 950 4182; x_wconf 91' lang='lat' dir='ltr'>sibinen</span> <span class='ocrx_word' id='word_1_289' title='bbox 977 4117 1135 4182; x_wconf 85' lang='lat' dir='ltr'>adversari</span> <span class='ocrx_word' id='word_1_290' title='bbox 1170 4123 1362 4189; x_wconf 85' lang='lat' dir='ltr'>videbamus.</span> 
     </span>
    </p>
   </div>
   <div class='ocr_carea' id='block_1_6' title="bbox 242 4215 1363 4304">
    <p class='ocr_par' dir='ltr' id='par_1_12' title="bbox 242 4215 1363 4304">
     <span class='ocr_line' id='line_1_39' title="bbox 242 4215 1363 4304; baseline 0.009 -24"><span class='ocrx_word' id='word_1_291' title='bbox 242 4215 332 4280; x_wconf 84' lang='lat' dir='ltr'>Nova</span> <span class='ocrx_word' id='word_1_292' title='bbox 352 4217 446 4297; x_wconf 88' lang='lat' dir='ltr'>haec,</span> <span class='ocrx_word' id='word_1_293' title='bbox 468 4236 564 4301; x_wconf 91' lang='lat' dir='ltr'>quam</span> <span class='ocrx_word' id='word_1_294' title='bbox 587 4219 626 4283; x_wconf 88' lang='lat' dir='ltr'>ad</span> <span class='ocrx_word' id='word_1_295' title='bbox 648 4221 733 4284; x_wconf 89' lang='lat' dir='ltr'>reete</span> <span class='ocrx_word' id='word_1_296' title='bbox 754 4221 1006 4304; x_wconf 90' lang='lat' dir='ltr'>perspiciendam</span> <span class='ocrx_word' id='word_1_297' title='bbox 1030 4222 1159 4303; x_wconf 90' lang='lat' dir='ltr'>Epicuri</span> <span class='ocrx_word' id='word_1_298' title='bbox 1187 4224 1363 4290; x_wconf 90' lang='lat' dir='ltr'>doctrinam</span> 
     </span>
    </p>
   </div>
   <div class='ocr_carea' id='block_1_7' title="bbox 0 0 1501 4722">
    <p class='ocr_par' dir='ltr' id='par_1_13' title="bbox 0 0 1501 4722">
     <span class='ocr_line' id='line_1_40' title="bbox 0 0 1501 4722; baseline 0 0"><span class='ocrx_word' id='word_1_299' title='bbox 0 0 1501 4722; x_wconf 95' lang='lat' dir='ltr'> </span> 
     </span>
    </p>
   </div>
  </div>
 </body>
</html>
