2980 4722
712 281 746 334 43

102 533 128 558 ··
170 507 376 591 comprobari.
420 507 565 590 Namque
589 527 628 571 ne
650 507 796 590 pluribus
819 505 931 583 dicam,
954 505 1125 570 verisimile
1141 524 1205 569 non
1220 523 1288 568 esse

170 615 301 678 etanta
323 614 550 676 assentatorum
579 611 669 694 copia
691 611 821 693 Epicuri
850 609 1026 674 doctrinam
1049 629 1112 673 non
1136 628 1204 674 esse
1227 609 1287 673 im·

170 718 342 794 mutatam,
373 715 457 779 nihil
480 715 654 792 adiectum,
687 715 770 779 nihil
798 714 1018 791 emendatum,
1043 713 1126 777 nihil
1152 713 1289 794 denique

170 823 368 902 corruptum,
396 819 464 884 cius
488 821 599 882 auctae
621 819 717 899 atque
739 818 950 900 amplificatae
980 817 1142 882 doctrinae
1173 816 1290 880 indicia

171 926 297 988 exstant
328 922 411 1004 apud
438 921 615 986 Hirnelium
649 922 728 1001 (1.1.
761 922 963 1002 pg.17.98.
994 921 1055 986 108
1090 917 1290 1003 ,alacresque

171 1025 199 1090 in
231 1029 277 1092 ber
317 1023 512 1105 spirareque
541 1023 697 1104 (idaim).
754 1023 866 1106 Neque
900 1024 985 1106 fugit
1017 1025 1101 1088 viros
1134 1021 1289 1105 dcotos⁵⁰l
1322 1031 1327 1038 '

169 1129 357 1193 Lucretium
387 1129 490 1192 multo
517 1129 618 1209 magis
648 1143 742 1209 quam
765 1127 939 1208 Epicurum
966 1128 1000 1191 in
1029 1129 1205 1191 atomorum
1235 1126 1290 1190 de·
1309 1182 1326 1210 ,ρ

170 1231 343 1296 clinatione
367 1231 578 1296 animantium
603 1231 737 1296 liberam
752 1233 951 1307 voluntatem
965 1230 1065 1294 videri
1080 1229 1290 1311 praedicasse.

170 1373 229 1412 „—
246 1353 318 1398 cum
347 1335 410 1398 iam
432 1335 588 1416 Epicurus
616 1335 676 1398 hac
705 1334 908 1416 potissimum
938 1334 976 1397 de
1011 1351 1106 1396 causa
1129 1351 1223 1396 suum
1253 1332 1291 1396 de

170 1437 382 1502 declinatione
405 1441 582 1502 atomorum
598 1439 814 1502 commentum
830 1437 1082 1518 excogitatisset
1106 1441 1144 1498 ut
1158 1435 1291 1498 liberam

169 1541 368 1605 voluntatem
390 1541 567 1605 Democriti
596 1541 784 1604 necessitate
818 1541 976 1604 sublatam
1005 1539 1190 1602 hominibus
1219 1538 1290 1602 vin-

170 1644 307 1723 dicaret,
338 1645 439 1708 multo
462 1644 565 1708 maius
587 1643 685 1708 etiam
708 1645 904 1706 momentum
928 1643 1114 1706 Lucretium
1136 1641 1213 1704 huic
1235 1641 1291 1704 de-

171 1749 257 1810 creto
286 1747 438 1811 tribuisse
465 1747 618 1810 videmus.
665 1745 801 1809 'Diserte
833 1746 918 1808 enim
949 1744 1144 1826 principium
1174 1743 1291 1806 liberae

170 1850 347 1914 voluntatis
377 1851 410 1913 in
433 1849 512 1931 ipsis
534 1849 626 1930 ponit
647 1845 906 1930 primordiis.“⁶¹)
957 1848 1062 1928 Atque
1090 1849 1162 1928 plus
1194 1847 1292 1910 etiam

170 1953 205 2016 in
227 1953 287 2016 hac
309 1969 342 2015 re
364 1951 500 2033 proiecit
514 1949 772 2033 Bindseilins⁵²):
818 1949 1007 2028 „Lucretius
1023 1967 1097 2013 cum
1115 1951 1293 2013 atomorum

170 2054 416 2118 declinationem
445 2053 585 2130 inducit,
617 2053 723 2116 urinas
755 2052 957 2116 necessitatis
988 2070 1069 2134 quae
1100 2054 1149 2116 est
1170 2052 1205 2115 in
1227 2051 1292 2116 fato

170 2159 258 2221 metu
281 2175 376 2238 quam
397 2157 516 2221 liberae
539 2157 705 2220 hominum
727 2155 903 2220 voluntatis
938 2155 1075 2218 tuendae
1104 2155 1210 2218 studio
1233 2155 1292 2219 du-

171 2260 264 2324 citur.
328 2259 485 2341 Epicurus
526 2263 634 2323 autcm
674 2259 764 2322 illam
798 2258 835 2322 de
870 2259 1048 2322 atomorum
1080 2257 1293 2322 declinatione

63 2347 69 2355 ¹
170 2361 347 2426 doctrinam
369 2362 571 2443 potissimum
595 2363 654 2426 hcc
677 2361 811 2426 consilio
834 2363 1034 2425 commentus
1057 2362 1114 2437 est,
1137 2363 1176 2424 ut
1190 2361 1294 2424 iatum

171 2467 361 2541 removeret,
390 2465 441 2528 eui
465 2465 571 2528 omnia
601 2465 781 2529 subiectum
803 2463 843 2528 iri
866 2463 1005 2540 censuit,
1034 2463 1062 2528 si
1092 2463 1237 2528 ordinata
1258 2481 1295 2526 ac

172 2567 366 2648 sempiterna
388 2586 556 2632 causarum
580 2569 660 2632 serie
682 2569 900 2646 1·egerenbur.“

276 2686 344 2749 Hoc
366 2687 466 2766 igitur
488 2687 591 2768 posito
615 2689 647 2750 ct
662 2703 811 2751 concesso
835 2687 874 2750 ad
896 2705 949 2750 eos
972 2687 1141 2768 scriptores
1164 2687 1293 2750 acceda-

170 2806 251 2864 mus,
275 2787 330 2869 qni
353 2787 527 2869 llpicurum
550 2789 694 2852 docuisse
717 2788 951 2852 cohaerentiam
974 2788 1092 2852 liberae
1120 2789 1294 2852 voluntatis

171 2908 243 2952 curn
266 2893 444 2954 atomorum
467 2890 678 2954 declinatione
702 2893 847 2955 auctores
870 2893 959 2954 sunt.
1007 2891 1114 2973 Atque
1140 2893 1177 2955 ut
1199 2909 1217 2954 a
1240 2889 1293 2955 ei-

171 3005 282 3055 cerono
306 2992 475 3068 ordiamur,
499 3011 571 3057 oum
594 2993 627 3056 in
651 2993 723 3057 aliis
746 2993 897 3057 historiae
919 2993 1126 3074 philosophae
1149 2993 1294 3075 partibus

170 3096 238 3156 tum
262 3095 295 3158 in
318 3095 448 3177 Epicuri
471 3095 615 3158 doctrina
637 3095 804 3178 explanata
827 3095 1019 3177 aequitatem
1043 3096 1112 3160 eius
1135 3114 1171 3159 ec
1199 3096 1295 3160 fidem

170 3195 396 3262 desideramus
448 3197 534 3262 Haec
568 3198 783 3262 inconstantia
812 3201 907 3280 atque
937 3198 1107 3262 infirmitas
1130 3199 1203 3263 inde
1226 3202 1295 3262 orta

170 3300 228 3374 est,
252 3299 335 3380 quod
351 3299 459 3365 Cicero
481 3300 647 3383 rivulcs⁵³l
670 3300 760 3383 sequi
776 3319 870 3382 quam
893 3319 929 3364 cn
945 3299 1087 3364 fontibus
1109 3301 1187 3383 ipsis
1214 3301 1294 3365 hau-

170 3400 233 3464 rire
256 3401 379 3466 maluit.
423 3402 553 3484 Epicuri
576 3404 676 3486 ipsius
700 3403 819 3486 scripta
841 3421 913 3466 eum
935 3423 1000 3466 non
1020 3404 1193 3484 perlegisse
1216 3404 1294 3469 satis

170 3505 305 3567 constat.
350 3501 411 3584 (Gi.
435 3503 629 3585 Woltjerum
651 3507 672 3570 l.
695 3507 716 3570 l.
739 3525 791 3588 pg.
815 3505 878 3586 87.)
922 3505 1079 3570 Not'tiam
1095 3508 1202 3570 autem
1217 3507 1293 3589 llpi-

272 3793 294 3824 ω
321 3792 353 3842 el.
407 3831 413 3842 .
468 3831 474 3844 .
529 3832 534 3844 .

271 3795 303 3940 δὲ
322 3793 532 3929 Hilge‘brggdiffss:
568 3880 597 3930 T.
618 3881 730 3930 Lucretii
749 3882 780 3931 dc
798 3881 943 3946 primordiis
968 3882 1091 3932 doctrina.
1127 3855 1295 3950 Magdeburg
1387 3891 1390 3898 ’

171 3963 248 4016 1864.
283 3979 325 4029 pg.
347 3966 372 4015 5.

271 4049 302 4112 52)
324 4048 493 4109 Quaesticncs
510 4051 687 4102 Lucretianae.
725 4051 835 4102 Anclsm
855 4051 930 4104 leet.
965 4055 1066 4119 pg.10.

271 4134 303 4199 ⁸³)
322 4132 361 4186 Ol.
376 4134 497 4187 ‘Teuffelz
516 4137 607 4188 Rocm
626 4137 686 4188 Liot.
705 4154 747 4204 pg.
767 4137 825 4190 327.
844 4138 903 4192 ³30.
921 4167 955 4175 -
972 4135 1043 4203 „cito
1055 4138 1134 4192 Ioula
1153 4137 1223 4205 [pita
1242 4152 1294 4206 pam

171 4213 244 4283 discit
262 4217 363 4273 cotetae
382 4217 523 4275 Ducbeo.⁴‘
