2980 4722
736 309 889 388 -ιε-

253 505 288 595 (l.
312 511 333 577 l.
356 531 407 594 pg.
429 511 474 594 o.)
519 511 600 575 Mihi
623 532 686 576 non
708 513 791 578 idem
814 514 948 579 videtur.
994 513 1197 596 Quantopere
1220 517 1373 582 erraverit

252 615 301 678 vir
322 615 434 678 doetus
456 614 662 678 manifestum
692 619 750 681 est.
802 615 947 698 Namque
976 618 1014 680 ut
1042 634 1155 697 corpus
1186 617 1220 680 in
1249 616 1372 681 affectis

252 717 330 780 locis
353 717 472 781 sentire
494 717 699 799 animumque
733 719 837 782 solum
860 717 1020 782 sentiendi
1043 718 1229 782 facultatem
1254 720 1371 783 habere

251 819 478 901 comprobaret,
501 819 540 883 ad
562 821 647 883 locos
670 822 783 885 allatos
806 819 952 901 confugit
975 839 1034 885 nec
1056 820 1145 899 vidit,
1167 821 1202 884 in
1217 822 1282 885 illis
1304 841 1370 886 rem

252 922 353 984 multo
384 921 479 986 aliam
513 923 673 1004 explicari.
728 923 776 986 De
810 923 935 987 duabus
969 924 1077 988 autem
1109 926 1215 987 motus
1242 923 1302 986 viis
1334 942 1370 987 ac

249 1023 427 1089 rationibus
449 1023 520 1088 vide
545 1023 732 1105 Woltjerum
756 1025 820 1107 (pg.
844 1025 908 1107 68).

356 1127 415 1191 His
445 1128 596 1209 expositis
625 1145 813 1209 persuasum
843 1128 923 1193 mihi
946 1131 1010 1205 est,
1042 1127 1227 1192 Lucretium
1256 1146 1284 1192 a.
1308 1128 1370 1191 240
1462 1167 1463 1184 t

250 1229 410 1306 docuisse,
439 1232 505 1295 tres
533 1229 656 1294 animae
684 1232 791 1311 partes
820 1247 885 1294 non
915 1229 1062 1294 sufficere
1093 1229 1132 1292 ad
1161 1229 1370 1311 cogitationes

250 1332 417 1409 creandas,
444 1333 526 1396 hano
549 1333 610 1396 vim
635 1336 766 1414 quartae
788 1332 873 1415 parti
902 1351 970 1397 esse
993 1332 1204 1396 tribuendam.
1248 1333 1371 1410 Restat,

249 1437 287 1498 ut
309 1434 347 1497 ad
371 1453 440 1498 eam
463 1436 682 1516 quaestionem
704 1436 879 1512 redeamus,
903 1435 987 1500 unde
1008 1437 1077 1498 tota
1098 1435 1176 1498 haec
1197 1433 1371 1516 disputatio

250 1539 319 1600 orta
341 1539 399 1613 est,
423 1555 503 1618 quae
526 1537 564 1601 de
588 1538 812 1602 distributione
834 1538 975 1619 partium
998 1537 1127 1601 illarum
1149 1539 1301 1617 quattuor
1322 1540 1372 1600 est

249 1638 334 1702 inter
363 1639 505 1702 animum
532 1641 565 1703 et
596 1639 744 1703 animam.
795 1638 898 1720 Supra
926 1639 1124 1704 ostendimus
1146 1638 1369 1702 Reisaclrerum
1463 1627 1464 1700 ζ

249 1759 371 1804 errasse
394 1759 496 1823 neque
519 1741 670 1822 Woltjeri
692 1742 944 1823 explanationem
967 1743 1061 1824 plane
1084 1759 1151 1804 esse
1166 1740 1369 1822 probandam.

248 1843 278 1906 A
300 1862 372 1907 vero
395 1844 496 1925 igitur
517 1863 579 1908 non
603 1845 834 1922 aberrabimus,
857 1845 885 1908 si
908 1845 1094 1909 Lucretium
1117 1843 1155 1907 de
1177 1843 1236 1906 hac
1258 1843 1369 1906 distri-

247 1945 378 2010 butione
411 1965 451 2010 ne
485 1946 641 2027 cogitasse
675 1947 803 2028 quidem
825 1948 1018 2029 putabimus.
1063 1945 1148 2011 Satis
1170 1945 1256 2008 enim
1277 1948 1371 2026 poeta
1463 1969 1464 2000 ι

248 2048 362 2113 habuit
382 2049 511 2126 dixisse,
534 2050 676 2113 animum
699 2053 732 2114 et
753 2051 892 2114 animam
915 2050 1087 2114 coniuncta
1108 2066 1176 2113 esse
1199 2047 1369 2130 eodemque

248 2151 339 2214 modo
362 2155 514 2232 quattuor
535 2154 642 2234 partes
666 2171 703 2216 er
719 2171 752 2216 se
774 2173 875 2217 unum
899 2170 1012 2234 corpus
1036 2152 1149 2216 faeere.
1193 2150 1305 2232 Neque
1321 2153 1370 2214 est

248 2253 331 2333 quod
353 2254 506 2317 miremur
522 2254 710 2319 Lucretium
732 2255 863 2320 initium
878 2257 992 2332 motus,
1016 2253 1099 2336 quod
1114 2253 1149 2316 in
1170 2253 1251 2317 libro
1274 2252 1368 2317 tertio

248 2357 403 2437 aquarta
423 2357 512 2438 parte
535 2357 649 2420 ceteris
672 2356 771 2419 dividi
792 2357 916 2432 dixerit,
939 2357 972 2418 in
996 2356 1135 2418 seeundo
1151 2357 1183 2418 et
1198 2358 1311 2436 quarto
1333 2355 1367 2417 in

248 2458 352 2521 animo
375 2458 451 2522 oriri
474 2457 627 2522 docuisse.
673 2457 752 2522 Oum
768 2459 854 2521 enim
869 2457 932 2522 nisi
954 2457 1029 2520 libri
1044 2455 1132 2520 tertii
1147 2456 1182 2519 in
1203 2457 1263 2518 hac
1277 2457 1366 2536 parte

248 2559 285 2623 de
309 2561 489 2624 substantia
510 2560 595 2623 haud
617 2559 781 2623 nominata
803 2578 865 2622 non
881 2560 1053 2623 dissereret
1068 2576 1200 2640 eamque
1216 2576 1256 2621 ue
1279 2575 1365 2620 com·

248 2664 437 2726 memoraret
459 2662 596 2744 quidem,
619 2663 780 2742 vulgarem
797 2681 891 2726 usum
907 2664 1053 2726 secutum
1075 2663 1201 2743 poetam
1215 2663 1366 2742 putamus

247 2763 434 2828 discrevisse
457 2765 542 2829 inter
564 2783 597 2828 se
619 2783 684 2828 non
699 2769 850 2847 quattuor
872 2765 997 2829 animae
1012 2767 1129 2845 partes,
1153 2763 1208 2827 sed
1223 2765 1366 2828 animum

248 2868 281 2928 et
302 2867 450 2930 animam.

353 2969 426 3032 Non
452 2969 568 3034 inutile
598 2971 723 3034 videtur
752 2970 879 3043 addere,
909 2988 978 3034 mea
1004 2989 1155 3034 versuum
1184 2971 1365 3033 aaa-240

246 3071 508 3153 interpretatione
531 3073 678 3152 probata,
709 3072 874 3136 Plutarchi
896 3072 977 3136 illud
1008 3063 1079 3150 „rc
1106 3063 1184 3164 γάρ
1213 3063 1365 3162 ἠγεμο-

246 3163 362 3244 arada
389 3165 569 3256 ἀπαθές*
599 3175 663 3237 iam
692 3176 814 3238 nullam
836 3173 1043 3238 offensionem
1070 3174 1229 3254 praebere.
1274 3173 1366 3252 Quod

247 3276 275 3339 si
304 3295 395 3341 secus
423 3276 569 3340 videatur
597 3277 673 3340 viris
703 3278 752 3339 vei
775 3276 983 3352 doctissimis,
1014 3276 1171 3357 aquibus
1194 3275 1364 3340 dissentire

247 3378 474 3442 difficillimum
497 3380 560 3455 est,
587 3378 663 3442 licet
684 3380 790 3442 tamen
813 3397 915 3442 meam
939 3377 1132 3442 sententiam
1163 3379 1247 3444 tueri
1269 3381 1364 3460 atque

247 3481 412 3562 explicare.
467 3481 579 3562 Neque
613 3497 685 3543 oum
718 3479 906 3544 Reisaclrero
941 3479 1086 3562 (Epicuri
1120 3484 1194 3545 cett.
1226 3499 1278 3561 pg.
1310 3481 1364 3561 23)

246 3582 342 3646 huius
364 3582 426 3646 loci
449 3582 615 3665 explicatio
643 3581 863 3664 aphilosophi
892 3583 1037 3647 doctrina
1067 3583 1172 3648 ethica
1193 3583 1364 3664 repetenda

246 3687 305 3748 est.
359 3685 531 3766 Propterea
563 3683 648 3747 enim
681 3684 708 3746 is
741 3684 915 3766 Epicurum
949 3686 1123 3750 arbitratur
1155 3684 1363 3766 principalem

246 3786 345 3849 animi
366 3790 489 3868 partem
513 3785 651 3849 motibus
673 3804 782 3850 vacare
807 3787 968 3865 docuisse,
991 3787 1075 3869 quod
1096 3805 1253 3851 summam
1271 3787 1361 3849 volu·

245 3891 366 3969 ptatem
388 3889 422 3951 in
445 3887 544 3951 animi
565 3887 741 3952 indolentia
761 3891 857 3970 atque
880 3890 1114 3971 tranquillitate
1136 3889 1273 3971 positam
1295 3904 1362 3949 esse

245 3991 459 4054 iudicavisset.
504 3991 601 4054 Recte
624 3993 731 4053 autem
752 3991 893 4055 Tolrteus
923 3993 959 4073 (l.
981 3992 1003 4056 l.
1026 4011 1079 4074 pg.
1102 3992 1121 4054 6
1143 3989 1252 4072 Anni.)
1280 3990 1363 4052 hanc

245 4110 371 4156 causam
395 4097 428 4157 et
449 4093 487 4157 ab
503 4093 639 4176 lipiouro
662 4092 761 4154 fuisse
783 4093 1011 4158 alienissimam
1033 4111 1091 4156 nec
1106 4091 1273 4155 Plutarchi
1294 4093 1363 4156 loco

246 4195 373 4259 laudato
400 4196 533 4260 indicari
567 4195 702 4259 monuit.
750 4195 877 4260 Etenim
905 4196 989 4260 nihil
1016 4194 1103 4258 aliud
1132 4213 1169 4258 ex
1199 4213 1235 4258 eo
1270 4213 1362 4278 posse
