2980 4722
742 314 774 368 10

200 517 461 620 Δημόκριτος
489 519 646 601 raiardo
664 527 768 604 νοῦν
793 522 861 602 καὶ
888 519 1101 623 poppae),
1128 521 1226 602 καθ’
1245 527 1316 616 οὓς

134 642 140 654 ’
200 634 320 719 οὐδὲν
337 637 399 752 Ιοἷν
426 639 481 740 εἴη
510 643 607 736 ζῶον
632 641 784 743 ἄλογον
810 657 970 742 κυρίως,
993 679 1066 724 cum
1082 641 1212 742 Epicuri
1225 681 1314 726 men·

199 759 244 824 tio
266 779 330 824 non
352 753 422 838 fiat,
446 761 531 827 haud
554 763 681 828 scioan
703 764 805 848 possit
826 761 948 845 colligi,
971 762 1144 849 Epicurum
1167 763 1318 829 animalia

198 861 331 926 rationis
352 865 494 954 expertia
515 885 584 931 esse
607 865 760 948 docuisse.
812 867 892 931 Miro
915 865 993 930 hacc
1023 884 1096 930 cum
1124 865 1318 950 discrepent,

198 984 257 1028 nec
282 965 455 1048 quidquam
478 967 538 1033 viri
560 967 645 1033 docti
667 967 706 1032 ad
729 967 948 1052 quaestionem
971 968 1199 1051 explanandam
1227 971 1315 1034 attu-

198 1068 295 1132 lerint
316 1105 357 1114 -
379 1069 518 1150 Woltjer
540 1091 609 1136 cam
631 1071 682 1136 vix
705 1071 785 1137 solvi
799 1092 891 1156 posse
914 1071 1082 1155 profitetur
1104 1071 1139 1154 (l.
1155 1073 1176 1136 l.
1192 1091 1244 1154 pg.
1262 1072 1315 1153 70)

196 1181 239 1216 -'
261 1171 441 1256 ponendum
464 1175 528 1251 ost,
558 1176 615 1238 aut
635 1173 868 1258 philosophiam
890 1173 1022 1257 Epicuri
1044 1175 1192 1239 hocloco
1220 1175 1314 1238 vohe-

197 1276 321 1338 menter
343 1275 534 1354 claudicare,
569 1278 652 1358 qnod
674 1277 754 1342 mihi
782 1275 971 1360 persuadere
998 1296 1062 1340 non
1084 1296 1228 1360 possum,
1261 1280 1317 1342 ant

197 1378 302 1440 locum
331 1378 490 1460 quandam
512 1383 651 1458 exstare,
684 1381 740 1462 qni
769 1379 940 1462 iniquitate
962 1380 1114 1463 temporis
1148 1382 1316 1462 corruptus

121 1480 753 1566 ,mmmmmm.

303 1601 437 1666 Accedit
458 1601 542 1684 quod
564 1603 758 1667 Plutarchus
781 1603 802 1667 l.
826 1604 847 1667 l.
872 1601 1008 1684 Epicuro
1043 1582 1094 1662 τδ
1130 1585 1315 1684 ἡγεμονι-

197 1685 272 1810 adv
300 1686 463 1811 ἅπαὺἴές
486 1723 555 1770 esse
578 1705 685 1770 refert.
730 1704 880 1770 Dubitari
913 1723 976 1768 non
1009 1706 1131 1786 potest,
1159 1703 1237 1786 quin
1264 1685 1315 1766 τό

198 1819 446 1887 ηγεμονικον
474 1807 517 1872 sit
539 1811 653 1890 quarta
674 1815 763 1891 pars3
786 1809 865 1872 haec
898 1807 925 1872 si
953 1807 1021 1870 sola
1044 1805 1158 1884 sentit,
1192 1825 1316 1888 semper

197 1911 341 1973 movetur
362 1928 466 1992 neque
501 1892 670 1994 ἀπαθής
700 1930 768 1976 essa
798 1913 912 1993 potest.
968 1909 1110 1974 otendit
1141 1909 1195 1973 hic
1228 1910 1315 1972 locus

196 2010 364 2088 Zellerum,
379 2013 481 2077 virum
498 2015 719 2092 clarissimum,
736 2013 812 2097 (ΙΙΙΙ
830 2032 883 2096 pg.
906 2013 968 2076 419
992 2014 1087 2077 Anm.
1110 2011 1153 2093 2).
1198 2011 1316 2076 Parum

197 2113 283 2176 enim
298 2113 487 2180 intellixisse
502 2118 596 2197 putat
610 2118 851 2198 epitomatorem
866 2115 996 2198 Epicuri
1012 2115 1108 2179 verba
1128 2117 1185 2180 ant
1204 2131 1316 2196 parurn

196 2219 282 2280 recte
304 2215 477 2280 reddidisse
500 2217 554 2298 (oi.
577 2217 732 2300 111252).
777 2219 932 2302 Equidem
954 2219 1037 2282 hane
1059 2217 1252 2282 sententiam
1278 2217 1316 2281 ab

196 2317 333 2399 Epicuro
366 2318 533 2383 abhorrere
567 2338 631 2383 ncn
662 2321 811 2402 putarim.
869 2319 1032 2400 Quomodo
1067 2323 1175 2384 autem
1211 2321 1317 2383 locum

196 2420 449 2502 intellegendum
471 2423 565 2504 atque
588 2421 809 2504 explicandum
832 2440 900 2486 csse
923 2439 1084 2499 censeam,
1113 2421 1197 2485 infra
1219 2439 1315 2503 appa-

196 2523 288 2588 rebit.

304 2625 422 2691 Omnes
456 2629 516 2691 hae
544 2627 768 2704 difficultates,
799 2631 877 2708 quas
910 2627 1014 2691 adhuc
1045 2627 1080 2690 in
1113 2625 1257 2690 doctrina
1279 2626 1317 2690 de

197 2730 375 2794 animarum
396 2733 512 2794 natura
527 2729 771 2806 observavimus,
793 2731 923 2812 parvola
936 2729 1119 2793 litterarum
1140 2728 1317 2794 mutatione

196 2837 331 2915 possunt
353 2833 521 2899 sublevari.
575 2833 624 2896 Ne
647 2832 708 2896 sim
731 2833 862 2915 longus,
885 2833 923 2898 dc
956 2832 1044 2897 vitiis
1068 2836 1235 2915 suspectus
1269 2835 1319 2899 cst

196 2955 306 3000 versus
329 2937 391 3000 238

349 3057 428 3116 „nco
450 3041 557 3102 tamen
579 3039 656 3102 haec
679 3041 729 3102 sat
751 3041 827 3104 sunt
849 3039 888 3102 ad
911 3057 1040 3102 sensum
1062 3039 1179 3100 cuncta
1206 3055 1315 3102 crean-

703 3139 808 3219 dum“‚
1231 3163 1233 3168 ·

197 3263 259 3328 qno
281 3244 450 3308 Lucretius
473 3243 583 3308 dooere
605 3243 747 3320 videtur,
781 3245 928 3325 quartam
950 3241 1049 3304 solam
1072 3259 1163 3322 posse
1187 3239 1315 3306 sentire.

197 3347 277 3412 Cum
300 3366 393 3410 nemo
415 3347 449 3410 in
471 3363 507 3410 ec
530 3345 707 3422 offenderit,
730 3346 847 3408 mirum
869 3363 933 3408 non
956 3346 1014 3421 est,
1036 3343 1120 3426 quod
1141 3343 1202 3408 viri
1223 3343 1317 3422 docti,

197 3451 353 3532 quotquot
375 3450 413 3514 de
436 3447 577 3512 Lucretii
606 3448 751 3512 doctrina
773 3448 987 3530 scripserunt,
1010 3449 1157 3530 quartam
1191 3447 1317 3512 efficere

198 3554 341 3617 animum
375 3563 510 3634 cumque
543 3551 646 3615 solum
681 3567 793 3614 sensus
826 3549 1015 3633 participem
1049 3567 1117 3614 esse
1150 3552 1316 3632 putarunt.

197 3657 307 3721 Liceat
327 3656 387 3718 hoe
409 3655 478 3718 loco
500 3671 608 3718 eornm
631 3653 807 3718 sententias
831 3671 1028 3736 componere,

271 3773 439 3851 Ritter¹⁸):
458 3771 548 3849 „lter
571 3773 643 3840 tona
665 3773 745 3852 uoti
767 3771 903 3856 purlicia,
927 3789 1011 3840 aaran
1035 3791 1063 3838 et
1086 3773 1129 3838 tie
1150 3769 1248 3839 tiator
1271 3776 1316 3836 ter

302 3980 331 4046 ¹⁷)
351 3982 389 4030 lta
406 3980 515 4030 correxit
531 3981 675 4030 Hermanno
694 3979 819 4030 Dialesias
837 3979 863 4028 in
882 3979 1062 4046 Doxographir
1082 3978 1186 4030 Graccis
1203 3993 1246 4044 pg.
1265 3977 1315 4030 392

196 4091 243 4140 pro
262 4071 330 4144 ‚poda
344 4073 388 4126 nal
403 4064 503 4146 lupi&
546 4073 621 4124 Hanc
645 4073 850 4124 emandationem
874 4074 927 4124 iam
952 4080 1026 4124 antea
1053 4072 1192 4138 proiectam
1220 4086 1275 4124 asae
1300 4089 1316 4123 a

197 4169 358 4224 Wakefieldo
376 4171 409 4220 ad
426 4147 485 4220 ὦτί
501 4169 569 4222 tertii
586 4183 687 4219 versum
705 4169 755 4221 mc
772 4169 900 4218 neminem
918 4183 970 4218 non
986 4167 1060 4233 fugit.

302 4256 332 4321 ¹⁸)
351 4251 480 4322 &timidus
498 4257 537 4308 tir
556 4252 717 4323 litltoloplple
734 4253 795 4306 oltra
811 4251 872 4313 aea
908 4251 1036 4320 tcmtotq
1056 4252 1103 4305 lv.
1122 4253 1196 4306 1839.
