2980 4722
775 322 809 374 22

235 527 343 607 carpta
358 526 579 604 intercederet,
602 526 640 590 de
656 545 692 590 ec
708 527 906 609 disputatum
922 527 1025 610 esem).
1057 528 1121 592 Diu
1143 529 1352 593 desideratam

232 629 336 692 lucem
359 628 568 711 dcxcgraphis
601 629 712 694 attulit
733 631 911 694 Hermanni
934 630 1067 695 Dialesii
1095 650 1123 694 v.
1147 631 1194 695 ill.
1218 633 1352 714 apuam),

232 734 306 796 ante
335 733 392 796 hos
427 734 578 813 quattuor
604 751 703 796 annos
733 733 855 814 publici
880 733 960 796 iuris
987 734 1117 808 lactum,
1140 734 1223 814 quod
1249 736 1354 800 securi

232 835 323 918 sequi
337 850 515 918 pessumus
558 835 627 899 Hoc
642 835 723 899 libro
739 835 877 899 dilucide
894 835 1061 916 explicavit
1082 835 1130 898 vir
1145 836 1352 914 clarissime,

233 958 270 1004 ex
301 939 388 1002 Aetii
417 955 510 1018 cpere
544 937 642 1019 („n0n
675 940 749 1002 aute
772 938 970 1019 Augustum,
1006 938 1152 1020 idemque
1185 957 1249 1002 nen
1283 943 1355 1021 post

232 1041 432 1106 Antoninos*
462 1040 482 1103 l.
505 1040 526 1103 l.
556 1059 608 1121 pg.
634 1039 708 1122 100)
740 1057 819 1120 quae
847 1040 884 1103 de
907 1040 1038 1122 Epicuri
1066 1041 1253 1124 physicis³³)
1279 1061 1352 1124 prc-

233 1145 343 1209 ferunt
371 1142 564 1206 Plutarchus
594 1144 627 1205 et
655 1140 810 1206 Stcbaeus
838 1160 906 1206 esse
934 1143 1103 1225 descripta.
1153 1143 1264 1226 Neque
1291 1143 1354 1208 alic

233 1249 321 1311 fonte
344 1263 422 1309 usus
445 1246 494 1308 est
516 1243 744 1309 Thecdcretua
798 1243 889 1323 Quod
919 1245 1033 1326 cuique
1056 1246 1209 1310 memoria
1230 1246 1353 1328 dignis-

234 1349 349 1414 simum
379 1347 484 1410 visum
512 1349 577 1422 ast,
606 1349 671 1410 tres
701 1347 750 1410 illi
780 1346 1002 1428 epitomatores
1032 1352 1273 1429 excerpserunt,
1310 1350 1356 1414 ita

233 1456 342 1516 tannen
363 1451 401 1514 ut
422 1467 481 1512 nec
503 1449 697 1512 Plutarchus
721 1451 785 1530 (pg.
808 1449 863 1530 61)
886 1468 944 1513 nee
966 1449 1120 1515 Stcbaeus
1143 1451 1208 1532 (pg.
1225 1451 1280 1533 68)
1303 1451 1354 1515 in-

233 1552 460 1634 terpolationes
482 1551 712 1614 reformidaret.
757 1551 974 1615 'l'hecdorctus
997 1555 1103 1617 autem
1127 1553 1164 1616 de
1187 1553 1355 1631 industria,

234 1657 261 1720 si
283 1653 543 1736 philosophorum
558 1653 677 1732 patrias
700 1655 733 1715 et
754 1652 923 1733 magistros
946 1653 1082 1734 excipias
1106 1655 1170 1734 (pg.
1186 1653 1251 1734 45),
1274 1672 1356 1735 quae

234 1777 307 1822 eum
336 1775 373 1820 ex
407 1754 560 1818 memoria
593 1753 751 1818 addidisse
786 1753 956 1818 verisimile
986 1757 1047 1831 est,
1081 1755 1120 1818 ad
1143 1754 1230 1820 Aetii
1261 1757 1357 1821 rerba

234 1860 317 1924 nihil
339 1857 464 1934 adiecit,
487 1859 525 1920 ut
546 1856 592 1920 eis
616 1874 696 1938 quae
719 1857 803 1938 apud
826 1875 899 1920 eum
914 1857 1058 1938 legamus
1081 1876 1237 1922 summam
1260 1859 1356 1922 fidem

234 1963 350 2026 habere
373 1959 540 2042 possimus.
593 1958 705 2040 Neque
727 1958 866 2024 dubitari
887 1961 1008 2040 potest,
1031 1959 1109 2040 quin
1132 1960 1208 2037 loci,
1237 1961 1292 2043 qui
1322 1962 1357 2024 in

235 2063 418 2139 Plutarchi,
443 2061 584 2138 sichaei,
608 2061 797 2128 Thecdcrcti
818 2061 983 2142 florilegiis
1006 2065 1195 2138 occurrunt,
1218 2063 1358 2144 genuina

235 2167 323 2231 Aetii
345 2165 440 2229 verba
462 2163 641 2228 exhibeant.
692 2164 775 2228 Aliis
798 2164 958 2228 lemmatis
981 2166 1073 2228 caute
1101 2165 1204 2230 utaris
1227 2185 1357 2230 neeesse

235 2272 293 2333 est.
344 2267 465 2344 Quibus
494 2266 677 2348 praemissis
715 2267 753 2330 ad
781 2267 955 2348 Epicurum
983 2266 1159 2332 redeamus.
1211 2268 1289 2332 llius
1319 2268 1357 2332 de

235 2371 359 2435 animae
382 2372 498 2434 natura
512 2367 667 2450 placitum
683 2370 748 2432 tres
764 2369 987 2450 epitomatores
1002 2369 1144 2434 referunt
1164 2369 1214 2434 his
1237 2369 1356 2434 verbis:

501 2513 750 2578 Pseudo-Plut.
772 2513 821 2578 Pl.
844 2514 923 2596 phil.
946 2513 990 2576 IV
1013 2515 1043 2578 3.
1066 2514 1095 2578 5.

338 2634 578 2732 Επιιιουρος
618 2636 757 2732 κράιιοι
798 2639 842 2711 ἐκ
881 2630 1110 2731 τεσσάρων,
1152 2665 1195 2709 εκ
1241 2637 1361 2712 ποιοῦ

237 2747 511 2856 πυρώδους,
490 2784 535 2830 εκ
562 2783 683 2829 τοιου
711 2745 971 2898 άεράδρυς,
952 2784 997 2832 εκ
1022 2757 1144 2830 ποιοῦ
1171 2784 1355 2852 πυευιια

236 2878 365 2963 τικοῦ,
393 2881 436 2952 ἐκ
464 2869 666 2970 τετάρτου
693 2901 807 2963 τιυος
834 2870 1196 2970 άκατουομάστου.

580 3032 617 3097 S
605 3034 751 3097 cbaeus
775 3034 881 3115 Eclcg.
905 3034 920 3096 I
944 3034 1015 3098 798.

337 3155 582 3249 Ἐπίκουρος
621 3157 774 3253 κρᾶμα,
801 3158 845 3233 ἐκ
884 3147 1110 3253 τεττάρων,
1150 3160 1194 3232 ἐκ
1239 3160 1360 3232 ποιοῦ
1466 3151 1467 3156 ’

237 3268 458 3374 πυρώδους,
485 3275 531 3348 ἐκ
558 3275 678 3350 ποιοῦ
705 3268 921 3372 άεράδους,
948 3279 991 3350 ἐκ
1017 3274 1140 3350 ποιοῦ
1173 3303 1358 3372 πνευμα-

237 3394 366 3486 τικοῦ,
393 3398 437 3471 ἐκ
464 3387 670 3492 τετάρτου
699 3389 812 3484 τιυός
839 3388 1201 3491 άκατουομάστου.

237 3601 371 3608 ι---.
380 3600 402 3605 -..
421 3601 423 3603 .

338 3715 370 3783 81)
390 3717 501 3768 lleeran:
537 3715 723 3768 Commentario
741 3718 773 3766 de
796 3715 907 3767 lontibus
926 3717 1088 3782 Eulogarum.
1108 3717 1261 3784 Goettingae
1281 3719 1359 3770 1801.

238 3819 280 3868 pg.
301 3802 350 3854 160
367 3817 423 3868 sqq.

389 3888 507 3936 Mainake
525 3888 551 3936 in
572 3887 668 3937 Adnot.
687 3888 764 3938 critic.
783 3904 823 3953 pg.
845 3890 902 3940 115.

304 3995 308 4004 ¹
391 3972 555 4025 Volkmann:
586 3970 1100 4041 sstbrtt,5dtttflenunbfflhl'ldfntqttbtd
1115 3976 1242 4025 Plutarch.
1273 3974 1358 4024 Berlin

443 4057 516 4110 1869.
535 4074 578 4123 pg.
599 4058 647 4110 157
665 4073 723 4122 sqq.
743 4058 799 4110 163.

338 4143 370 4208 ³²)
388 4144 519 4194 Hermann
540 4143 624 4195 Diels:
661 4144 829 4210 Doxographi
846 4145 938 4210 graeci.

339 4246 373 4312 ³⁸)
392 4247 512 4298 Aliorum
533 4247 745 4314 philosophorum
764 4247 857 4312 placita
875 4247 939 4298 nihil
957 4245 1053 4298 faciunt
1070 4249 1102 4298 ad
1120 4261 1181 4299 rem.
