2980 4722
634 293 786 372 L

150 502 324 586 nottttooeo
360 497 549 583 ῐόηηψ).
584 497 835 580 Grsshergerum
867 495 1040 562 eonieeisse
1074 493 1269 576 „reperimus

118 681 121 690 Δ
149 627 241 692 posse
264 623 370 672 oreore
393 602 570 674 sensiferos
591 605 698 668 motus
723 601 779 682 qui
794 599 1081 682 temquomnueute
1105 599 1269 661 volntout“

150 711 280 779 Poitens
321 707 415 774 testis
450 707 510 770 est.
562 701 732 771 Goetelins
765 703 799 766 in
834 701 994 784 prioribus
1030 699 1270 781 quaestionibus

151 810 351 879 Lueretionis
372 809 456 878 rene
479 807 696 873 uenienturaru
717 805 900 886 proposuit:

193 913 261 994 „nil
281 913 396 977 horum
418 909 568 992 quonism
589 907 725 989 recepit,
748 925 781 970 se
804 924 895 988 posse
917 922 1023 970 oreore

192 1015 383 1094 „sensiferos
406 1014 512 1088 motus
534 1014 568 1076 et
589 1027 669 1092 quoe
691 1027 783 1074 ruens
805 1027 941 1090 ournque
963 1009 1118 1074 volutet.“

150 1119 352 1184 AMnnrone
374 1114 517 1198 profecte
531 1115 581 1178 est
602 1112 799 1177 emendatio:
822 1110 962 1193 „recepit
983 1130 1034 1175 res
1049 1127 1141 1192 posse
1164 1127 1270 1174 oreore

139 1205 329 1290 'Sensiferos
361 1219 468 1284 motus
500 1218 534 1280 et
565 1217 658 1280 homo
692 1232 773 1296 quoe
805 1215 913 1278 mente
946 1214 1100 1278 volntet“.
1156 1213 1272 1276 Restat

150 1321 385 1394 Bookmueiieni
406 1319 602 1388 eonieotura:
625 1317 694 1394 „nil
715 1318 830 1381 horum
845 1315 994 1397 quonium
1016 1334 1050 1380 re
1072 1314 1159 1396 oepit
1179 1331 1271 1396 posse

151 1443 257 1490 oreore
280 1422 457 1488 Semiferos
480 1422 586 1492 motus
609 1419 851 1500 quaerendaque
873 1418 1144 1503 ruentevolntad
1175 1436 1271 1500 quom

151 1527 219 1608 ipse
241 1527 288 1590 its
309 1525 461 1608 explieat:
504 1521 592 1604 „rodi
622 1520 701 1591 teins
728 1525 775 1588 tet
804 1519 862 1588 troi
884 1519 1008 1586 sedete
1030 1519 1062 1586 in
1084 1519 1269 1600 distrione

148 1629 174 1708 je
205 1627 248 1694 tie
277 1625 411 1711 titionis
437 1625 506 1692 obet
529 1623 578 1704 dd)
610 1641 779 1710 pronomen
808 1623 875 1706 tot,
910 1621 953 1690 tie
981 1621 1187 1708 &totostoto
1220 1626 1271 1689 tte

150 1729 265 1811 (toties
286 1746 321 1814 pn
342 1729 452 1810 niden,
477 1725 575 1808 welde
599 1725 641 1792 tie
665 1724 933 1810 &ineruditione
954 1724 1171 1808 persentiens

256 1832 389 1898 Minime
405 1831 524 1898 arridet
541 1829 798 1897 Winekelnronni
812 1829 1020 1910 propositum,
1043 1828 1127 1910 quod
1141 1829 1271 1893 omnino

150 1937 295 2018 neglegit
309 1933 528 2015 cogitationes,
551 1949 687 2012 quarum
702 1929 898 2001 mentionem
912 1931 947 1994 in
959 1931 1021 1995 hoo
1035 1949 1131 1996 versu
1145 1934 1271 2012 poetam

149 2037 264 2102 fecisse
286 2054 396 2105 versus
418 2035 624 2116 insequentes
647 2033 829 2104 ioeulenter
851 2033 1079 2100 demonstrent.
1123 2033 1271 2098 Aliorum

150 2140 351 2204 ooniseturse
384 2155 421 2202 eo
454 2155 562 2203 ornnes
596 2135 743 2202 laborent
774 2135 867 2213 vitio,
901 2134 985 2216 quod
1017 2137 1148 2216 querno
1187 2137 1272 2218 perti

149 2243 243 2322 paulo
276 2241 427 2307 nestorem
453 2239 519 2305 vim
548 2238 733 2304 tribuerunt
759 2240 855 2320 etque
889 2238 971 2302 hene
999 2238 1037 2303 ob
1067 2255 1196 2304 eausam
1224 2240 1272 2304 eis

149 2343 395 2413 diffioultetibus
417 2341 599 2423 imph'eatoe
622 2343 709 2418 sunt,
733 2359 811 2424 quas
835 2359 932 2422 supra
952 2339 1163 2406 ostendimus.

249 2461 317 2527 Iam
351 2481 427 2527 eum
460 2461 676 2526 resentiorum
708 2461 922 2544 interpretum
948 2479 1042 2524 nemo
1075 2461 1270 2542 prebendam

149 2565 364 2630 eouieeturem
385 2565 601 2648 proposuerit,
632 2565 672 2628 ed
701 2564 913 2646 „seriptorunr
933 2564 1040 2628 saeue
1064 2564 1189 2646 priores
1218 2585 1270 2630 re-

147 2669 318 2734 vertemur.
363 2668 411 2732 Ae
438 2667 578 2748 primum
599 2667 775 2748 Dionysius
799 2666 973 2730 Lambinus
984 2666 1025 2748 ²⁶)
1055 2667 1167 2748 paneis
1197 2687 1268 2732 mu-

148 2770 224 2832 tetis
246 2769 366 2832 litteris
389 2769 519 2849 seripsit
544 2768 719 2848 „quaedem
748 2769 804 2849 qui
826 2771 933 2832 mente
955 2769 1132 2846 volutent‘,
1165 2789 1270 2852 neque

148 2888 231 2948 vero,
254 2888 446 2952 quemquem
468 2872 554 2951 reete
576 2869 739 2951 perspexit
760 2873 907 2952 questum
935 2873 1060 2951 partem
1088 2871 1193 2934 animo
1216 2889 1268 2936 eo-

147 2957 481 3058 gitondijoonltetem
501 2972 643 3050 reddere,
665 2991 746 3055 quoe
769 2991 806 3037 er
828 2974 887 3036 hee
908 2991 942 3040 re
965 2973 1143 3038 deuersorio
1165 2973 1268 3038 effiei·

147 3077 261 3152 untur,
295 3075 563 3152 conclusiones
593 3076 672 3140 ulios
699 3077 805 3158 portes
839 3093 952 3140 sensus
986 3091 1055 3139 esse
1087 3077 1288 3158 partieipess

146 3175 197 3241 Ite
221 3180 330 3242 eutem
357 3178 441 3243 illos·
466 3197 577 3244 versus
609 3179 852 3260 interpretetur:
890 3178 1060 3260 „quoniam
1089 3197 1179 3242 mens
1212 3197 1269 3242 seu

146 3280 227 3344 ratio
250 3280 349 3348 enimi
371 3300 438 3346 non
458 3281 574 3364 recipit
594 3299 652 3344 seu
674 3299 739 3344 non
761 3281 929 3363 approbet,
961 3281 1131 3362 quiequam
1153 3283 1275 3346 horunr

146 3382 247 3446 trium
267 3401 359 3464 posse
382 3383 553 3457 sensiferos
574 3385 680 3448 motus
703 3402 825 3461 oreore,
853 3383 909 3464 qui
939 3385 1045 3446 motus
1068 3401 1119 3447 res
1143 3384 1265 3465 aliquas

147 3483 288 3564 eogiters
310 3486 343 3548 et
364 3485 507 3549 volutare
530 3489 679 3567 queunt.“
702 3523 742 3534 —·
766 3485 936 3568 „quonium
951 3484 1015 3548 trio
1032 3485 1090 3549 ille
1103 3486 1268 3568 superiore

146 3585 316 3650 sensiferos
339 3588 446 3650 motus
469 3604 575 3650 ereare
597 3607 662 3651 non
684 3589 835 3669 possunt,
859 3587 915 3670 qui
937 3587 1092 3669 quaedem
1114 3589 1276 3670 eogitent,

146 3690 260 3768 quarto
282 3689 328 3751 eis
351 3688 506 3770 quosdam
528 3693 642 3754 natura
663 3689 799 3756 addetur
819 3707 950 3756 neeesse
974 3693 1037 3754 est:
1071 3709 1135 3772 quo
1157 3691 1267 3754 addito

11 3849 13 3884 ;
145 3789 209 3854 ianr
232 3789 275 3854 sit
297 3791 443 3856 omnibus
465 3792 610 3874 pertibus
633 3792 733 3874 enimi
761 3794 878 3856 notura
899 3793 1046 3856 obsolute
1074 3796 1170 3874 atque
1192 3811 1264 3874 per-

145 3892 260 3958 feete.“
282 3892 366 3958 Tum
382 3893 597 3960 Wakefieldus
612 3913 669 3974 „ex
684 3895 834 3977 ingenio“
850 3895 938 3959 dedit
948 3897 1006 3974 „ut
1020 3913 1116 3976 quom
1132 3895 1266 3958 minimo
1389 3951 1391 3956 .

145 4049 348 4060 -κ--μ

245 4133 278 4198 ²⁴)
294 4131 410 4202 ffidttdgt
426 4147 468 4202 put
484 4133 564 4188 suu!
581 4137 624 4190 tte
640 4135 747 4186 Laeros
784 4135 926 4188 Sslzwedel
945 4135 1018 4188 1857.

246 4218 278 4285 ²⁵)
296 4221 462 4274 reserarunt
481 4221 558 4276 1583.
589 4237 631 4287 pg.
650 4220 709 4274 315.
