2980 4722
746 282 839 359 m-

289 492 449 570 „oooidere
472 493 567 572 elque
589 490 729 554 animum
751 489 891 570 pulsare,
914 490 950 550 ul
972 486 1109 550 diximus
1132 485 1215 548 orris.

290 596 382 672 „inde
404 595 553 658 volunlos
574 595 624 658 fil:
649 611 750 676 neque
773 591 859 656 enim
882 589 985 654 fouere
1006 589 1122 670 inoipil
1143 589 1242 652 ullam

288 717 374 776 „rem
396 697 574 779 quisquam,
596 715 692 777 quom
713 713 803 760 mens
825 692 972 777 providit,
994 692 1071 774 quid
1091 693 1170 757 velit
1191 695 1274 756 ente.

289 801 342 878 „id
364 801 447 882 quod
468 797 621 882 providet,
642 797 730 862 illius
752 798 799 862 rei
821 799 947 862 oonslol
967 797 1100 878 imog0.“

204 905 251 969 liu
272 905 323 970 his
343 903 474 968 minime
497 919 646 984 oppetere
669 899 836 966 iudioerinr
858 899 953 982 „poni
969 917 1026 963 nos
1048 899 1129 964 velle
1148 898 1223 964 ire“.
1261 899 1322 962 llx-

193 1008 323 1090 ·plioelo
345 1009 451 1071 eutem
473 1005 596 1070 ratione
618 1022 682 1084 quo
704 1004 830 1068 nouandi
852 1004 999 1068 voluntas
1022 1003 1087 1077 fiel,
1109 1001 1184 1066 inde
1200 1019 1324 1067 eversu

206 1112 267 1176 886
289 1109 421 1192 ponitur
442 1127 499 1172 nos
521 1108 602 1171 velle
626 1107 686 1170 ire:

295 1229 389 1293 „ergo
412 1210 538 1274 enimus
561 1227 633 1273 oum
657 1227 726 1273 sese
749 1209 794 1272 ilo
816 1211 1001 1286 summovet,
1024 1211 1063 1272 ul
1084 1207 1162 1272 velli
1182 1207 1229 1272 ire

291 1315 408 1396 „inque
431 1313 520 1394 gredi
543 1313 619 1376 lorii
641 1313 812 1392 extemplo,
841 1329 921 1392 quae
942 1311 978 1374 in
1002 1329 1129 1392 eorpore
1152 1313 1218 1376 loto

292 1434 367 1498 „per
389 1416 647 1497 membrumque
671 1416 759 1478 orius
782 1413 900 1478 animai
923 1413 1037 1478 dissita
1059 1413 1107 1476 vis
1129 1416 1209 1478 eso.“

206 1520 319 1601 Neque
341 1518 424 1582 mire
445 1518 524 1580 mihi
540 1517 666 1581 videtur
681 1517 886 1597 interrogatio
910 1516 944 1579 in
967 1516 1060 1580 initio
1078 1535 1231 1610 versuum
1251 1521 1326 1600 „qui

206 1621 333 1686 liol‘uli
355 1639 468 1702 pessos
490 1620 630 1700 proferre
646 1637 808 1700 queamus,
832 1637 904 1682 oum
921 1619 1097 1695 volumus‘,
1120 1619 1168 1697 „si
1183 1621 1325 1685 volentes

206 1727 314 1788 nmen
336 1742 398 1787 non
420 1727 612 1804 possemus.“
656 1720 817 1802 Namque,
840 1722 869 1786 sl
891 1722 967 1803 quid
989 1721 1089 1800 vineo,
1111 1739 1176 1786 non
1198 1723 1324 1804 quaeri-

207 1830 270 1903 tur,
293 1844 366 1889 oum
388 1827 544 1900 volumus,
566 1843 679 1905 possus
701 1823 841 1906 proferre
864 1842 1018 1906 queamus
1033 1843 1142 1902 neone,
1165 1825 1220 1907 qui
1240 1826 1326 1890 onim

206 1929 375 2010 proaedere
397 1929 482 2004 vuli,
511 1927 678 2008 presedere
705 1929 824 2008 polest,
853 1927 917 1990 nisi
945 1929 977 1991 ui
1008 1931 1114 1993 exiero
1142 1928 1325 2010 impeditur,

208 2029 362 2112 quomodo
392 2032 499 2093 autem
530 2031 589 2093 hoo
616 2030 714 2094 faeiat
736 2047 792 2094 seu
820 2030 923 2094 fouere
951 2031 1067 2112 possit,
1091 2031 1124 2095 id
1152 2032 1325 2113 quoerilur.

207 2133 305 2197 Reoie
328 2136 437 2196 temen
459 2133 551 2196 homo
574 2133 685 2196 doolns
709 2131 790 2196 vidit
811 2133 937 2196 meandi
973 2133 1152 2197 simulacris
1182 2153 1240 2197 nos
1262 2153 1326 2198 non

208 2235 278 2316 oogi
304 2235 367 2310 ire,
397 2235 568 2315 displicent
598 2237 705 2298 aulem
728 2235 824 2298 verba
846 2253 926 2317 quoe
948 2238 1127 2318 sequnntur
1155 2236 1231 2314 „sed
1253 2255 1326 2300 oum

208 2337 355 2400 volumus
378 2337 423 2400 ire
440 2337 479 2399 ed
502 2353 539 2400 eo
553 2355 611 2398 nos
634 2337 862 2400 contendamus
886 2342 919 2400 el
940 2357 1087 2419 paremus
1103 2357 1232 2402 neeesse
1248 2341 1326 2402 est.“

208 2439 256 2503 De
278 2439 310 2502 vi
332 2455 395 2521 quo
416 2438 563 2502 intendat
584 2456 618 2501 se
640 2439 766 2502 animus
789 2440 827 2504 od
850 2457 886 2503 eo
909 2440 1092 2515 simulacro,
1116 2441 1232 2520 quibus
1255 2459 1326 2521 per-

209 2542 283 2605 oelli
305 2543 399 2618 velit,
429 2557 524 2622 supra
553 2541 756 2620 exposuimus
787 2559 918 2622 eamque
942 2542 1117 2604 doetrinem
1147 2543 1181 2606 in
1204 2544 1328 2607 levibus

209 2643 425 2708 fundamentis
447 2643 585 2724 positam
606 2661 674 2706 esse
697 2643 844 2708 diximus.
894 2643 1005 2726 Neque
1028 2645 1094 2708 hoo*
1110 2647 1189 2710 salis
1211 2647 1329 2728 polerit

209 2745 369 2828 explioari‚
392 2745 477 2810 unde
498 2745 542 2808 sil
563 2746 641 2814 haee
664 2747 760 2810 eundi
790 2747 938 2810 voluntas
967 2747 1052 2827 (oum
1082 2749 1228 2812 volumus
1258 2749 1327 2832 ire).

208 2849 459 2914 Bookemuelleri
482 2847 610 2930 quidem
633 2849 785 2931 expositio
808 2850 891 2913 nihil
921 2851 1019 2913 valeo:
1064 2848 1147 2926 „Uer
1171 2850 1259 2916 uolut
1289 2869 1328 2916 on

209 2949 258 3031 lod)
289 2949 320 3027 io
350 2955 409 3016 otro
441 2949 535 3027 dioilo
561 2966 619 3016 oon
650 2950 817 3030 rotronem
855 2951 1101 3033 elpentoonuw
1165 2953 1210 3016 lia
1244 2955 1326 3018 enirn

208 3056 403 3136 repugnant,
445 3071 525 3134 quoe
562 3072 658 3134 supra
691 3055 730 3116 de
761 3055 937 3118 voluntatis
971 3055 1093 3118 ratione
1128 3075 1163 3119 ex
1197 3056 1328 3136 Epicuri

209 3157 338 3238 quidem
360 3154 730 3238 sensuexposuim11s‚⁴⁷)
753 3174 856 3237 neque
871 3157 974 3220 ullum
997 3157 1151 3220 eiusmodi
1166 3157 1328 3220 doetrinae

209 3258 292 3340 apud
314 3260 459 3322 nostrum
481 3255 714 3340 philosophum.
728 3258 898 3337 vestigium
922 3261 1033 3321 orsini.
1084 3258 1129 3322 Ul
1149 3260 1248 3322 eiiam
1270 3261 1329 3324 hoo

210 3361 331 3436 addam,
355 3361 383 3423 si
405 3361 553 3424 voluntas
576 3355 702 3424 meandi
725 3360 759 3422 in
782 3359 886 3422 animo
910 3360 1007 3436 inest,
1035 3361 1111 3442 quid
1134 3362 1193 3426 sibi
1217 3365 1328 3428 volunt

210 3462 336 3528 meandi
359 3463 545 3538 simulans,
577 3481 656 3544 quoe
686 3479 758 3525 eum
790 3461 951 3526 excitent?
1003 3462 1082 3526 Cum
1105 3465 1189 3528 enim
1221 3484 1328 3530 omnes

210 3565 310 3630 enimi
333 3565 575 3629 exercitationes
603 3564 685 3627 nihil
712 3563 799 3627 eliud
827 3564 894 3629 sini
921 3583 957 3630 eo
985 3569 1105 3643 molus,
1145 3567 1172 3630 si
1203 3568 1328 3632 animus
1375 3609 1398 3641 e
1474 3573 1481 3612 ⁴

210 3688 325 3750 eorpus
346 3685 450 3732 meare
473 3668 552 3742 vuli,
575 3667 639 3729 iarn
661 3670 814 3744 movetur,
838 3687 940 3751 neque
955 3669 1195 3733 simulaororum
1212 3670 1329 3735 auxilio

210 3769 374 3853 opus'esi‚
401 3772 439 3833 ui
461 3772 567 3832 molus
595 3769 762 3835 elfioielur.
813 3771 875 3835 Sed
901 3789 941 3834 ne
965 3771 1086 3836 diutius
1114 3791 1274 3836 moremur
1295 3774 1328 3836 in

209 3892 244 3938 re
266 3873 345 3936 salis
368 3873 486 3952 aperta,
509 3872 672 3938 uideamus
696 3874 733 3936 de
755 3893 849 3937 uersu
872 3875 952 3936 883:

537 4023 539 4028 .
590 3975 684 4054 „inde
706 3977 853 4040 volunlos
876 3976 942 4040 fit.“

212 4129 414 4139 .—..-.--—-·—

312 4196 344 4263 ιτ)
363 4197 551 4249 conareris
570 4179 824 4264 Hinmllu's1l.-l.·pg.
844 4199 899 4256 ree
912 4199 989 4248 nem.
1055 4227 1058 4234 ι
