2980 4722
745 283 778 338 ⁴2

202 508 265 554 non
294 491 435 572 perfecto
465 491 667 556 tribuendam
696 511 765 557 esse
794 491 934 574 putabit,
964 491 1049 558 nihil
1069 493 1208 571 habebo,
1237 493 1320 576 quod

203 595 450 660 contradicam.
499 595 547 658 De
574 596 724 660 carminis
755 598 863 660 antem
892 595 1076 662 Lucretiani
1105 599 1192 662 statu
1223 598 1321 661 adne-

203 700 288 762 ctere
317 699 397 764 libet
424 699 589 764 luculenta
616 698 795 764 Parmamri
815 699 924 763 verba:
970 697 1118 779 „cridaiat
1151 697 1208 780 iria
1236 697 1321 766 lteri

203 800 271 882 arrd)
302 799 333 866 io
362 799 462 866 oirlrm
494 801 565 885 grat
596 805 655 866 aab
685 801 982 883 bemuotrroarorttb,
1014 799 1043 882 io
1067 800 1099 880 iil
1122 808 1153 868 ce
1178 801 1242 881 todo
1265 819 1322 869 aar
1430 823 1435 830 ’

203 902 277 970 rina
300 901 453 982 hiltibolt
484 901 569 988 giridp
591 921 625 987 pr
648 901 757 986 abrec,
790 903 832 970 tir
854 919 912 970 oon
936 903 1037 985 lisboa
1059 903 1150 988 boob
1176 911 1234 970 arra
1258 907 1320 1006 bap

203 1003 309 1074 &aba
344 1003 495 1086 thriboeiie
528 1004 767 1091 brrcrragrbcum
800 1013 859 1072 aaa
892 1005 1016 1090 mroiqrr
1046 1005 1218 1074 broucham
1250 1007 1322 1089 leat,

202 1115 270 1176 roca
298 1107 332 1188 ῇε
363 1107 443 1190 idon
466 1107 512 1188 id,
544 1109 593 1175 cla
622 1116 689 1176 roca
712 1107 746 1185 br
769 1109 865 1177 mitte
888 1112 1038 1194 grmcrbm
1060 1107 1135 1190 iria,
1169 1109 1245 1191 bitte
1275 1114 1321 1176 ter

202 1210 335 1292 darilla
358 1212 412 1278 mit
434 1210 563 1296 giridecr
586 1210 680 1294 bituri)
710 1215 769 1278 nob
792 1209 846 1278 ruit
875 1210 990 1298 glaber
1012 1210 1135 1298 dorrgir
1161 1211 1219 1294 irio
1241 1211 1324 1282 neca

202 1331 236 1398 gu
259 1312 340 1382 (tabe
362 1314 534 1400 qrfdbrt.⁴⁸)

310 1419 476 1484 Patefacto
497 1420 592 1500 atque
616 1417 773 1499 explicata
794 1417 855 1494 via,
878 1435 941 1500 qua
962 1417 1119 1500 Epicurus
1141 1419 1323 1484 libertatern

203 1521 379 1586 voluntatis
401 1541 466 1586 non
481 1521 572 1586 modo
588 1520 672 1586 tucri
687 1520 837 1602 potuerit,
860 1520 1038 1598 sedetiam,
1061 1521 1189 1586 sirecte
1207 1521 1322 1598 iudico,

203 1621 390 1701 defenderit,
406 1626 517 1701 restat,
533 1625 571 1688 ut
586 1622 852 1704 quemadmodum
875 1626 944 1688 erat
958 1623 1155 1706 propositum
1170 1623 1203 1688 in
1218 1623 1323 1688 fontes

204 1725 412 1806 inquiramus,
435 1727 491 1808 qui
513 1725 644 1790 tradunt
665 1725 890 1807 philosophum
912 1726 1092 1805 libertatem
1114 1725 1204 1790 illam
1226 1745 1245 1790 a
1266 1725 1321 1790 de-

199 1827 401 1894 clinantibus
423 1829 536 1894 atomis
551 1828 689 1892 voluisse
704 1831 855 1910 repetere.
901 1828 1083 1910 Antequam
1098 1831 1206 1894 autem
1220 1828 1321 1910 ipsam

203 1948 270 1994 rem
292 1932 529 2013 aggrediamur,
559 1932 593 1996 in
622 1931 806 1996 memoriam
833 1931 1009 1996 revocanda
1036 1934 1127 2008 sunt,
1155 1949 1235 2014 quae
1257 1931 1322 1994 iam

204 2051 300 2114 supra
322 2034 469 2100 diximus,
515 2033 595 2100 Cum
618 2053 719 2116 neque
743 2033 826 2115 apud
847 2033 1024 2114 Diogenem
1045 2034 1218 2110 Laertium,
1241 2034 1320 2098 Plu·

204 2137 366 2214 barchum,
399 2136 569 2202 Stobaeum
595 2135 692 2201 huius
721 2136 941 2200 adhaerentiae
973 2136 1146 2218 vestigium
1175 2139 1322 2214 exstaret,

204 2256 307 2320 neque
330 2241 458 2304 omnino
479 2241 616 2322 Epicuro
645 2257 741 2304 cansa
763 2241 862 2316 esset,
891 2257 949 2302 cur
971 2239 1009 2302 ad
1036 2257 1104 2302 eam
1128 2238 1322 2319 confugeret,

205 2341 399 2406 conicoimus
421 2343 612 2424 magistrum
634 2343 740 2424 ipsum
756 2341 794 2404 ab
818 2343 995 2406 atomorum
1010 2341 1208 2406 aberratione
1223 2341 1322 2404 liber-

204 2444 304 2508 tatem
326 2445 501 2510 voluntatis
524 2464 587 2508 non
609 2444 749 2526 petiisse,
773 2446 981 2508 assectatores
1004 2446 1110 2506 autem
1135 2443 1203 2506 eius
1226 2443 1322 2507 disci-

204 2546 310 2628 plinae
342 2547 382 2611 ad
410 2566 479 2612 eam
505 2547 692 2624 recurrisse,
722 2564 785 2627 qua
815 2545 1045 2627 principiorum
1078 2545 1325 2610 declinationem

205 2649 422 2714 defenderent.
476 2649 549 2732 lpse
582 2650 668 2714 enim
698 2649 854 2730 Epicurus
887 2648 971 2712 nihil
1004 2647 1091 2712 aliud
1125 2647 1323 2713 aberratione

206 2751 274 2816 sino
305 2770 401 2817 causa
430 2755 499 2817 crta
521 2753 606 2818 effici
628 2753 739 2831 voluit,
762 2771 857 2835 quam
879 2753 917 2815 ut
939 2750 1045 2828 atomi,
1068 2751 1243 2816 Democriti
1266 2769 1324 2816 ne·

206 2853 355 2918 cessitate
378 2874 395 2920 e
417 2872 525 2920 rerum
553 2859 669 2920 natura
697 2854 869 2937 sublatam)
891 2855 976 2918 inter
999 2872 1032 2918 se
1055 2853 1324 2918 adhaerescerent.

206 2956 299 3020 Nihil
322 2959 428 3022 autem
452 2957 578 3040 turpius
601 2959 705 3023 visum
728 2960 777 3022 est
799 2955 999 3033 adversariis,
1022 2974 1117 3037 quam
1137 2955 1206 3020 siue
1230 2973 1326 3020 causa

206 3059 379 3142 quidquam
401 3059 471 3124 fieri
494 3061 614 3125 docere.
666 3060 779 3142 Itaque
809 3059 925 3122 mirum
948 3076 1012 3121 non
1035 3061 1099 3134 est,
1122 3057 1205 3138 quod
1227 3057 1324 3121 disci·

205 3161 275 3244 puli
298 3161 337 3226 ad
371 3163 625 3226 commenticiam
660 3163 750 3226 illem
772 3181 838 3226 rem
868 3160 1020 3226 tuendam
1046 3160 1085 3222 ab
1112 3159 1326 3222 animantium
1379 3247 1381 3250 Ι

205 3264 338 3328 libidine
369 3264 522 3328 auxilium
551 3264 734 3346 petiverunt
756 3266 851 3344 atque
874 3262 982 3326 cadem
1006 3261 1147 3338 ratione,
1170 3279 1233 3343 qua
1255 3261 1324 3326 ani-

206 3370 331 3432 mantes
347 3385 405 3432 sua
419 3369 530 3448 sponte
554 3385 622 3431 sese
643 3368 774 3448 possent
795 3383 929 3442 movere,
952 3365 1072 3428 atomos
1094 3362 1189 3445 ipsas,
1213 3383 1229 3428 e
1252 3363 1324 3446 qui·

206 3471 265 3534 bus
288 3469 338 3534 illi
361 3471 553 3546 constarent,
576 3469 613 3532 ab
636 3467 728 3532 initio
752 3486 785 3531 se
808 3467 943 3530 movisse
966 3468 1159 3531 statuerunt.
1205 3467 1324 3546 Quam-

207 3590 302 3654 quam
323 3591 388 3636 uon
410 3572 521 3654 igncrc
543 3572 711 3653 plerosque
733 3570 817 3634 viros
837 3569 945 3634 doctos
968 3569 1002 3634 in
1026 3588 1061 3633 eo
1077 3569 1266 3646 consentire,
1288 3571 1327 3633 ut

205 3674 335 3756 Epicuri
357 3673 589 3756 philosophiam
612 3674 650 3737 ab
673 3673 742 3738 eius
765 3672 894 3738 asseclis
916 3691 980 3736 non
1002 3690 1071 3736 esse
1093 3673 1251 3736 mutatam
1275 3670 1324 3734 di-

166 3817 168 3820 ·
207 3779 295 3855 cant,
324 3775 518 3854 pervideo,
548 3776 664 3858 quibus
695 3775 799 3842 causis
829 3776 909 3838 haec
937 3774 1098 3839 sententia
1124 3775 1203 3840 satis
1224 3773 1327 3857 possit

207 3949 409 3960 ...—

309 4049 341 4114 ”t
359 4048 427 4104 lbur
444 4048 559 4116 actaeae
576 4061 620 4118 gor
637 4048 715 4104 adlit
733 4049 773 4102 bea
791 4049 933 4099 Lucretius.
968 4047 1059 4099 Promo
1081 4047 1154 4100 1849.
1181 4025 1182 4028 ¹

310 4135 345 4200 ⁴⁹)
364 4135 502 4187 Steinhart.
521 4137 538 4187 l.
557 4137 574 4188 l.
591 4153 634 4204 pg.
653 4137 703 4187 474
721 4134 814 4186 Anm:
834 4135 948 4200 „Epikor
964 4131 1049 4199 {ebetat
1066 4131 1112 4197 auf
1128 4130 1178 4186 blec
1192 4131 1328 4200 Urgumtnt

209 4223 254 4276 bct
271 4219 347 4289 mette
366 4220 473 4290 &scolda
491 4221 568 4290 gelrgt
584 4235 611 4291 gc
629 4220 732 4290 batem
