2980 4722
744 256 761 308 θ

259 462 322 526 104
342 462 408 538 „sio
441 457 567 528 animi
600 481 761 529 sensnm
795 482 859 528 non
892 465 980 528 eorm
1011 465 1102 544 parte
1135 465 1311 545 repennno‘

136 567 218 676 iim
257 564 320 630 578
342 564 494 642 „dissolui
516 583 662 633 sensus
684 565 807 632 animi
829 566 948 632 fnienre
972 568 1134 630 neeeseesi

345 669 461 750 „atque
483 667 637 738 aninam
948 733 950 738 .
1018 731 1020 738 Α

193 769 238 835 IV
261 771 320 836 731
345 771 504 851 „eorporis
526 771 776 852 noeequoniam
797 773 969 854 penetrant
989 789 1045 854 por
1071 789 1143 837 rurs
1165 772 1313 854 oieniqne

348 876 498 950 „tenuem
520 873 645 940 animi
667 876 815 940 naturam
838 874 927 940 intus
949 891 1189 955 sensumque
1212 874 1313 942 lones·

701 978 808 1044 suni.‘·

222 1081 322 1146 1460
345 1083 492 1163 „tempus
520 1079 598 1146 item
626 1097 683 1161 per
711 1098 745 1144 so
774 1099 837 1144 non
865 1081 927 1156 esi,
958 1078 1016 1144 sed
1042 1079 1137 1144 rodus
1168 1079 1206 1146 nh
1236 1079 1314 1161 ipsis
1380 1099 1382 1106 ·

346 1183 572 1264 „oonseqniiur
587 1201 680 1248 sens
690 1182 781 1266 us¹⁶)
799 1183 997 1249 irnnsaotum
1012 1181 1089 1263 qnid
1101 1181 1144 1246 sii
1160 1181 1194 1246 in
1209 1186 1313 1248 oero“

300 1303 360 1368 His
400 1302 583 1386 praemissis
616 1302 655 1366 ed
688 1301 818 1384 singulo
855 1307 1063 1367 manserimus.
1118 1301 1198 1366 Cum
1231 1301 1315 1382 opud

194 1407 403 1472 Plutarohum
425 1407 569 1488 legamus
596 1405 659 1486 (Pl.
682 1404 761 1486 phil.
785 1404 829 1468 IV
852 1407 946 1470 28.2
991 1395 1061 1466 κα)
1101 1385 1154 1465 no?
1192 1384 1313 1484 πάθη

193 1521 261 1591 καὶ
300 1510 375 1601 τοὶς
419 1505 640 1607 αἰσθήσεις
669 1512 715 1585 ἐν
749 1518 838 1599 τοϊς
871 1505 1111 1586 πεπονθόσι
1151 1505 1314 1598 τόποις)

192 1630 336 1695 docuisse
358 1629 532 1711 Epicurum
560 1645 618 1692 nos
645 1627 680 1691 in
711 1625 833 1691 effoetis
855 1625 993 1708 eorporis
1014 1625 1159 1707 partious
1186 1627 1315 1702 sentire,

193 1735 343 1815 putamus
359 1726 506 1807 animum,
530 1748 610 1813 quae
625 1748 681 1813 por
704 1733 809 1795 totum
824 1747 937 1811 eorpus
960 1727 1073 1792 dissita
1095 1730 1154 1804 esi,
1175 1729 1314 1810 eorporis

193 1836 303 1917 plagas
326 1833 454 1898 sentire.
505 1833 633 1898 Plaeuii
658 1836 765 1898 autom
787 1832 864 1896 viris
886 1831 988 1896 dooiis
1010 1830 1236 1896 Reisoekorum
1264 1847 1313 1894 so-

194 1937 291 2013 cutis,
326 1939 471 2017 quartem
501 1936 714 2000 substantium
756 1935 796 2000 ad
829 1953 957 1999 sensum
996 1931 1167 1998 ornandum
1208 1935 1313 2015 spiam

195 2021 259 2120 (τό
300 2019 570 2121 αἰσθητικόν)
599 2039 740 2103 animum
761 2037 886 2102 effioero
908 2055 1044 2120 eumque
1067 2036 1171 2101 solum
1185 2036 1315 2112 sentire,

194 2142 333 2205 enimam
355 2157 468 2204 sensus
491 2143 651 2222 expertem
674 2160 752 2206 osso.
797 2141 842 2204 Ao
864 2140 989 2205 animus
1012 2137 1116 2204 medio
1131 2139 1166 2203 in
1187 2141 1314 2222 pooiore

194 2243 317 2327 positus
351 2242 462 2307 laetari
491 2245 605 2324 potest,
639 2243 713 2308 dum
748 2243 828 2307 aliae
862 2241 1000 2324 eorporis
1034 2245 1140 2323 partes
1170 2241 1313 2316 dolesum

194 2345 242 2408 ΙΙΙ
265 2346 326 2409 105
348 2363 416 2427 sqq.

349 2465 461 2529 „saepe
476 2448 584 2530 itaque
600 2447 634 2511 in
649 2450 798 2531 promptu
813 2463 926 2529 eorpus
942 2446 1026 2528 quod
1041 2446 1184 2510 nonnitur
1196 2449 1313 2528 segrei,

348 2567 442 2627 „oum
464 2552 572 2614 iumen
595 2569 632 2614 or
654 2549 716 2615 olis
739 2551 897 2614 laetemur
918 2552 1007 2631 parte
1031 2549 1175 2613 latonii.“

303 2669 423 2750 Quodsi
455 2689 519 2734 non
552 2671 675 2748 anima,
715 2671 771 2734 sod
809 2669 914 2734 animo
954 2669 1110 2734 sentimus
1144 2673 1176 2734 ei
1208 2669 1314 2734 anima

196 2775 278 2838 nihil
301 2773 395 2838 aliud*
411 2775 460 2838 est
492 2773 555 2838 nisi
585 2774 852 2852 instrumentum,
876 2791 938 2856 quo
971 2774 1076 2838 motus
1099 2772 1139 2837 ad
1171 2773 1314 2838 animum

196 2877 366 2952 deferatur,
389 2877 416 2940 is
439 2894 563 2958 semper
584 2879 748 2941 moveatur
769 2893 898 2941 neeesse
922 2879 979 2954 est,
1003 2876 1031 2940 si
1046 2875 1185 2957 eorporis
1207 2879 1314 2957 partes

197 2980 324 3043 doleant
346 2981 402 3043 aut
423 2979 608 3058 aegrotent,
631 2996 704 3042 oum
727 2997 838 3043 seusus
861 2979 944 3042 nihil
966 2979 1053 3043 aliud
1075 2979 1119 3042 sit
1140 2997 1175 3042 ao
1198 2980 1313 3042 motus.

198 3081 359 3160 Quomodo
382 3081 489 3143 nutem
509 3079 618 3144 eodem
640 3083 779 3161 temporo
802 3079 945 3158 animus,
968 3099 1040 3145 oum
1062 3080 1201 3164 eorporis
1224 3079 1312 3144 dolo·

196 3184 284 3248 ribus
318 3181 450 3246 effeetus
472 3184 651 3260 moveatur,
685 3183 798 3247 laetari
829 3185 945 3265 possit,
967 3201 1032 3246 non
1061 3185 1174 3249 eluoei.
1231 3183 1314 3264 Ergo

195 3285 401 3351 manifestum
424 3287 489 3362 esi,
512 3283 663 3366 quoniam
684 3288 779 3366 urget
799 3289 906 3368 poeto,
930 3285 1073 3350 animum
1095 3287 1217 3364 laeteri,
1240 3306 1313 3352 oum

195 3407 309 3470 eorpus
331 3387 444 3464 doleat,
467 3405 525 3450 nos
540 3405 604 3451 non
619 3385 711 3450 modo
734 3387 848 3466 animo,
872 3387 1039 3454 sedetiam
1056 3389 1162 3452 anima
1183 3390 1312 3456 sentire.

195 3527 398 3538 ...-...---

300 3591 329 3658 ιδ)
350 3593 405 3642 Hoc
422 3593 479 3643 loeo
498 3592 519 3642 si
538 3593 594 3658 quis
613 3592 726 3659 eorporis
745 3607 834 3644 sensns
853 3592 898 3659 (ci.
919 3591 957 3644 lV
975 3592 1036 3658 763)
1053 3594 1239 3660 intellegendos
1258 3611 1314 3647 esse

194 3677 300 3745 putabit,
320 3677 384 3728 nihil
401 3677 503 3730 habebo
528 3679 597 3744 qnod
616 3679 639 3728 ei
665 3693 805 3744 repugnare
822 3680 914 3731 dicem.
955 3679 1066 3747 Egregie
1089 3681 1180 3731 emerit
1204 3679 1314 3745 wolsjsr

196 3766 258 3831 (1.1.
276 3781 318 3830 pg.
337 3765 383 3828 95)
400 3764 431 3813 nd
450 3763 489 3814 IV
510 3763 573 3816 '1632

415 3849 482 3909 „hoc
499 3849 556 3900 ideo
575 3849 629 3899 fieri
648 3850 716 3915 cogit
733 3857 832 3911 natura,
851 3853 920 3916 quod
938 3866 1026 3902 omnen

416 3935 547 3999 „eorporis
565 3934 651 3986 offecti
668 3950 756 3986 sensus
774 3949 818 4002 per
836 3937 951 3987 membro
970 3939 1102 4002 quieseunt

416 4034 481 4081 „noe
499 4020 714 4084 persuasionum
731 4022 797 4072 voris
815 4024 965 4080 convincere
982 4025 1066 4074 rebus.

263 4105 376 4174 „Sensus
394 4107 483 4172 procui
502 4106 580 4156 dubio
598 4107 641 4156 hio
659 4106 800 4172 significare
818 4109 894 4160 debet
910 4108 1058 4162 insultarem
1077 4109 1200 4160 sentiendi
1218 4114 1243 4158 et
1260 4108 1310 4158 dis·

347 4193 477 4254 cernendi,
495 4207 556 4258 orgo
574 4193 686 4244 animum
704 4193 758 4244 eive
777 4193 927 4248 rationem‘*
