2980 4722
730 315 746 363 5

662 383 814 392 ..—.—-.

177 515 369 600 motionem),
392 516 446 581 sed
462 535 501 582 ne
518 516 660 581 Lucretii
681 516 809 598 quidem
830 515 941 580 sensui
956 515 1123 580 convenire
1138 515 1199 579 viri
1214 515 1300 580 docti

177 619 325 685 viderint.
369 618 449 684 (ium
473 625 625 696 ‚,seusus“
648 619 843 684 mentionem
866 619 901 682 in
923 635 1047 682 versum
1072 619 1133 682 239
1156 617 1298 682 inferen-

177 723 250 786 dam
279 740 347 786 esse
378 726 523 787 censeret
551 725 584 787 et
613 741 669 804 pro
698 721 866 798 vocabulo,
901 721 985 802 quod
1004 720 1127 784 codices
1149 721 1300 784 exhibent

177 829 317 902 „meust
357 825 511 890 scriberet
550 829 684 907 ‚squem“
725 839 915 906 versumque
950 824 1011 887 239
1045 823 1082 886 ab
1116 822 1297 905 insequent‘

177 928 432 1010 interpungendc
454 927 653 1010 seiungenet,
688 929 774 992 recte
802 928 1001 1008 vituperatus
1031 927 1080 990 est
1109 923 1299 990 cGoebelio

177 1033 210 1094 et
232 1030 424 1094 Purmanno.
469 1029 557 1094 Iacet
578 1030 763 1094 etiamnunc
785 1030 847 1094 1001
878 1027 1041 1111 depravati
1062 1028 1298 1110 interpretatio:

177 1135 334 1215 quotquot
355 1132 441 1196 euim
461 1132 536 1197 inde
559 1133 795 1198 abachmauno
817 1132 878 1196 riri
900 1131 985 1196 docti
1005 1131 1203 1195 coniecturas
1225 1151 1298 1213 pro-

177 1237 363 1318 posuerunt,
380 1236 470 1299 nulla
484 1235 530 1299 ita
545 1238 595 1300 est
610 1237 799 1317 comparate,
822 1238 860 1298 ut
873 1236 985 1316 poetae
1000 1233 1179 1299 sententiae
1203 1235 1298 1298 satis-

177 1337 299 1402 factum
322 1356 390 1402 esse
413 1337 565 1404 videatur.
610 1337 946 1419 nnueseornannus
965 1336 1061 1402 huius
1083 1337 1145 1402 loci
1168 1355 1298 1420 eorrup-

177 1441 275 1506 telam
290 1432 535 1506 reconditiorem
551 1457 620 1505 esse
635 1441 769 1522 putavit,
786 1457 880 1522 quam
896 1457 977 1522 quae
991 1442 1100 1522 posset
1113 1439 1229 1504 sanari.
1259 1441 1301 1505 m

178 1563 211 1610 re
228 1562 302 1610 uera
322 1545 436 1612 horum
458 1561 609 1616 versuum
631 1543 799 1624 explicatio
813 1545 864 1607 tot
876 1543 1037 1624 tantisque
1054 1541 1300 1608 difficultatibus

177 1647 341 1712 obstructa
363 1649 427 1722 est,
457 1648 495 1711 ut
516 1664 642 1728 sperare
665 1665 729 1712 nou
752 1647 862 1722 liceat,
895 1663 1087 1728 quemquam
1116 1663 1226 1712 sanam
1254 1647 1300 1712 eis

177 1749 332 1814 medelam
353 1767 444 1832 posse
467 1748 596 1826 afferre,
626 1748 691 1814 nisi
713 1749 768 1831 qui
790 1766 860 1812 eam
882 1749 921 1814 ab
944 1748 1074 1830 Epicuri
1095 1749 1301 1831 physicorum

177 1871 298 1917 conexu
331 1869 368 1916 ac
396 1851 518 1918 ratione
550 1851 690 1933 petierit.
746 1851 859 1932 Itaque
892 1850 981 1933 prius
1014 1851 1048 1915 in
1077 1870 1186 1916 omnes
1220 1871 1301 1934 quae

177 1955 301 2020 obviam
323 1955 404 2018 fiant
436 1953 470 2018 in
493 1953 637 2018 doctrina
673 1953 711 2018 de
734 1953 912 2018 animarum
946 1956 1063 2018 natura
1091 1953 1300 2020 difficultates

177 2076 280 2139 neque
303 2058 469 2138 poetarum
490 2055 640 2120 licentiae
662 2055 763 2120 tribui
784 2055 925 2138 possint,
948 2056 1148 2138 inquiramus
1170 2075 1300 2122 necesse

178 2161 237 2236 est,
260 2177 355 2240 quam
378 2157 416 2222 ad
438 2158 534 2224 illum
555 2159 659 2222 locum
683 2157 916 2224 emendandum
938 2159 1170 2242 aggrediamur.

284 2260 443 2330 Senonum
466 2261 551 2343 apud
566 2261 739 2343 Epicureos
762 2262 935 2328 auctoritas
952 2262 1016 2328 fuit
1037 2263 1184 2328 maxima.
1228 2263 1301 2328 Non

176 2383 274 2447 urgeo
289 2366 349 2428 hoe
364 2365 431 2430 loeo
444 2383 569 2429 onlnem
583 2383 691 2429 rerum
707 2365 921 2446 cognitionem
936 2383 955 2429 a
970 2366 1115 2430 sensibus
1131 2366 1300 2448 proficisci,

176 2468 208 2532 id
231 2468 316 2544 6100,
348 2486 445 2534 sensu
475 2487 532 2532 seu
561 2467 720 2534 sentiendi
751 2467 903 2534 facultate
932 2485 989 2532 uos
1018 2468 1142 2532 animae
1173 2471 1300 2534 nostrae

177 2571 318 2636 conscios
335 2570 415 2636 fieri.
453 2569 571 2636 Sensus
588 2570 627 2634 ad
642 2571 741 2637 vitam
755 2570 886 2636 maximi
901 2573 951 2635 est
965 2571 1128 2648 momenti,
1144 2590 1217 2636 oum
1232 2591 1299 2636 om-

177 2693 233 2738 nes
245 2673 301 2755 qui
317 2673 463 2738 sentiunt
477 2673 594 2752 vivant,
610 2692 669 2738 nee
685 2673 853 2756 quisquam
868 2674 955 2738 vivat
970 2674 1048 2756 quin
1064 2675 1191 2738 sentiat.
1218 2673 1302 2740 Sunt

178 2778 285 2840 eutem
309 2793 422 2838 sensus
445 2793 508 2838 non
530 2775 621 2840 modo
645 2775 745 2840 animi
768 2775 937 2840 sedetiam
960 2776 1113 2857 eorporis:
1136 2777 1171 2840 in
1187 2779 1300 2841 horum

177 2895 310 2942 numero
332 2877 493 2940 habentur
519 2877 660 2958 quinque
691 2877 742 2940 illi
771 2895 902 2954 sensus,
932 2878 1047 2958 quibus
1074 2897 1125 2943 res
1155 2883 1300 2946 externas

175 2979 380 3062 percipimus
404 2997 505 3068 aures,
529 2979 623 3057 oculi,
646 2997 749 3056 neree,
772 2980 893 3061 lingua,
916 2982 1040 3056 tactus;
1064 2981 1163 3046 animi
1187 3001 1300 3048 sensus

177 3083 254 3165 quid
276 3081 445 3164 significet,
467 3081 688 3162 demonstrant
709 3101 833 3147 versus:
1248 3072 1255 3083 '
1289 3139 1291 3142 ,

191 3185 420 3264 inserpunt
452 3203 544 3268 porro
573 3184 650 3268 quit
679 3185 712 3250 id
742 3187 800 3262 est,
833 3187 1008 3252 animum
1039 3187 1123 3269 quod
1151 3191 1300 3271 percutt,

686 3288 792 3370 ipsum
861 3277 866 3288 ’

330 3391 433 3473 „quod
453 3393 558 3455 movet
579 3395 612 3455 et
634 3391 737 3456 varios
760 3391 956 3477 sensus14)
980 3410 1161 3474 expromere
1183 3395 1300 3476 eogit.“

191 3492 308 3558 11946
332 3491 489 3574 „eorporis
511 3497 607 3573 atque
629 3481 753 3557 animi
783 3493 890 3575 pergit
917 3495 1111 3560 confundere
1139 3503 1300 3562 sensus‘c

175 3595 224 3658 III
265 3597 307 3661 98
330 3613 513 3673 „sensum
536 3595 658 3658 animi
681 3598 768 3660 certa
790 3615 854 3660 nou
879 3615 946 3662 esse
969 3597 1003 3662 in
1025 3601 1115 3680 parte
1137 3600 1300 3664 1001111111ι

242 3699 303 3762 166
996 3701 1100 3781 „quod
1122 3701 1220 3766 faciet
1240 3723 1299 3767 nos

329 3800 452 3878 „vivere
468 3819 541 3864 curn
564 3819 703 3878 senso,
719 3800 822 3864 multa
837 3819 909 3864 cum
932 3801 966 3865 in
980 3804 1070 3883 parte
1091 3804 1153 3869 siet
1172 3810 1300 3870 mens‘

176 3975 380 3984 -—-—-—-

279 4092 309 4158 ¹³)
328 4093 434 4142 Mauro:
463 4109 496 4152 „c
514 4098 581 4142 most
599 4091 728 4142 cwkwcrd
747 4092 947 4157 constructiou“.

280 4177 310 4242 ¹⁸)
329 4177 447 4230 Peneus:
484 4178 523 4228 De
549 4179 609 4227 artie
633 4177 765 4228 vocabulis
792 4178 944 4244 quibusdam
970 4179 1137 4230 Lucretianis.
1181 4180 1298 4230 Dresden

179 4263 243 4315 1866
261 4280 303 4329 pg.
324 4263 355 4314 16
373 4265 459 4326 „idem
479 4270 518 4314 est
536 4279 566 4314 ec
584 4266 718 4324 sententio,
735 4264 849 4330 opiui0“.
