2980 4722
730 227 747 280 8

676 299 814 311 ...-

332 435 421 508 „tum
444 431 535 496 nobis
554 432 692 496 animam
715 431 933 516 perturbatam
955 451 1024 498 esse
1046 431 1257 514 putandumst

332 536 548 618 „eiectamque
572 535 664 612 foras,
686 553 752 600 nou
774 553 914 600 omnem:
937 552 964 600 e.
987 555 1016 618 q.
1039 553 1064 599 s.

178 661 323 740 Longum
339 657 390 724 est
403 655 462 720 hoe
480 673 604 737 quoque
620 655 688 720 loeo
708 654 871 738 disputare
886 654 925 720 de
940 653 1083 720 versibus
1105 654 1168 720 350
1178 689 1215 702 --
1226 653 1298 746 558,

178 761 294 844 quibus
317 757 439 840 eorpori
460 775 574 822 seusus
596 757 789 839 impertitur.

248 933 251 942 y
283 861 380 926 Nune
410 859 561 942 quonism
595 860 833 933 demonstrasse
861 859 942 938 mibi
964 859 1101 938 videor,¹
1116 877 1180 941 pop
1207 859 1299 934 modo

178 965 330 1042 animum,
353 962 407 1028 sed
430 963 527 1026 etiam
548 963 692 1038 animam,
708 962 843 1040 sentire,
873 963 1088 1045 quaerendum
1111 967 1169 1039 est,
1193 961 1301 1028 anima

178 1070 309 1151 quartae
333 1065 558 1146 inerepare,
589 1083 684 1146 quam
717 1066 818 1130 solam
840 1065 960 1133 sentire
982 1064 1110 1144 dieunt,
1142 1065 1299 1148 partioeps

178 1171 222 1236 sit
242 1187 352 1234 neone.
396 1169 443 1232 Ao
457 1169 596 1251 primum
611 1167 785 1234 tenendum
801 1171 859 1245 est,
881 1167 1022 1232 animam
1036 1169 1071 1232 iu
1085 1170 1152 1234 toto
1171 1186 1300 1249 eorpore

179 1273 366 1354 dissipatam
389 1289 467 1348 esse,
491 1273 637 1353 quartam
660 1273 766 1336 antem
788 1272 911 1354 partem
934 1289 1007 1336 oum
1029 1270 1133 1336 tribus
1155 1271 1228 1336 aliis
1254 1271 1301 1336 ita

179 1375 399 1452 ueniundum,
430 1376 469 1437 ut
489 1353 611 1458 ψυχή
634 1392 706 1438 oum
729 1392 874 1456 eorpore:
898 1373 945 1438 ΙΙΙ
967 1374 1029 1438 276

332 1475 434 1558 „quod
457 1494 559 1556 genus
582 1475 617 1540 in
638 1475 757 1541 nostris
780 1476 930 1544 membris
953 1479 986 1540 et
1007 1493 1139 1558 eorpore
1161 1477 1228 1540 toto

335 1579 454 1656 „mixta
476 1579 580 1642 latens
604 1577 703 1642 animi
725 1579 773 1642 vis
796 1581 846 1643 est
867 1579 1053 1660 animaeque
1077 1579 1227 1660 potestas,

334 1680 537 1762 „corporibus
561 1681 695 1762 quiade
718 1681 823 1762 parvis
845 1681 1018 1763 paueisque
1042 1681 1188 1756 ereatast

298 1859 303 1870 .
332 1783 397 1860 „sie
419 1783 480 1848 tibi
502 1783 640 1848 nominis
663 1784 742 1848 haee
764 1802 873 1866 expers
895 1784 943 1847 vis
966 1783 1051 1848 faeta
1073 1781 1207 1846 minutis

331 1885 533 1969 „corporibus
556 1887 636 1950 latet
658 1887 753 1968 atque
777 1887 902 1952 animae
925 1885 1017 1968 quasi
1041 1884 1141 1950 totius
1163 1884 1234 1968 ipsa

332 1997 530 2070 „proporrost
551 1989 658 2052 anima
680 1991 712 2054 et
735 1989 919 2054 dominatur
942 2007 1069 2071 eorpore
1092 1990 1189 2064 toto.“

137 2130 143 2146 ·
177 2093 239 2156 Hie
261 2093 350 2156 loeus
383 2109 446 2155 nou
481 2091 630 2173 impedit,
667 2093 836 2174 quominus
870 2093 1016 2175 quartam
1038 2091 1073 2155 in
1106 2091 1213 2154 anima
1234 2109 1303 2154 esse

178 2213 373 2258 censeamus.
418 2192 457 2257 In
479 2194 559 2257 libro
576 2195 714 2259 seeundo
737 2197 845 2258 autem
860 2195 1030 2258 Lueretius
1052 2193 1145 2258 dooet
1166 2191 1304 2270 „initum

82 2287 89 2304 ’
178 2293 303 2361 motus‘
326 2314 383 2359 seu
405 2295 509 2359 dioere
531 2296 631 2359 mavis
655 2297 852 2360 voluntatem
877 2315 896 2359 a
915 2296 1006 2360 eorde
1029 2295 1130 2360 oreari

334 2399 391 2475 „ut
412 2397 521 2462 videas
544 2397 661 2462 initum
684 2401 791 2464 motus
814 2417 832 2462 a
854 2398 946 2464 eorde
970 2398 1070 2463 oreari

333 2518 390 2576 „ex
413 2499 573 2582 animique
597 2501 761 2565 voluntate
783 2501 816 2564 id
838 2499 1005 2583 procedere
1027 2501 1175 2582 primum,

332 2602 425 2678 „inde
441 2602 509 2666 dari
524 2621 615 2686 porro
631 2622 687 2686 per
702 2605 806 2667 totum
829 2621 942 2686 eorpus
963 2606 996 2666 et
1017 2606 1134 2668 artus.“
1158 2603 1219 2668 269
1235 2621 1302 2684 sqq.

179 2707 297 2770 Eadem
311 2706 358 2768 vis
374 2705 408 2768 in
429 2705 511 2769 libro
527 2706 622 2769 tertio
646 2724 664 2769 a
686 2709 779 2788 poeta
795 2708 925 2789 quartae
948 2705 1033 2788 parti
1055 2705 1218 2783 tribuitur,
1242 2723 1304 2787 quo

178 2811 227 2888 fit,
244 2811 282 2873 ut
297 2811 442 2890 quartam
459 2809 582 2884 „media
596 2809 725 2892 regione
740 2809 775 2874 in
791 2797 948 2892 pectoris‘
960 2810 1090 2874 haerere
1103 2809 1303 2874 arbitremur.
1318 2847 1325 2856 ·

332 2910 522 2988 „sensiferos
546 2913 651 2975 motus
675 2931 755 2993 quae
777 2912 859 2976 didit
880 2913 983 2994 prima
1003 2931 1060 2996 per
1082 2915 1180 2988 artus,

332 3013 453 3094 „prima
483 3013 586 3076 eietur
615 3013 700 3076 enim
728 3013 832 3096 parvis
854 3015 995 3097 perfeeto
1016 3013 1148 3095 figuris“
1172 3014 1232 3076 245
1256 3032 1302 3096 sq.

1078 3111 1225 3192 „mobilis
1247 3115 1304 3178 illa

264 3221 316 3272 ²¹¹¹·
333 3216 401 3293 „vis
425 3215 543 3279 initum
567 3218 673 3280 motus
697 3217 735 3280 ab
758 3235 791 3280 se
814 3233 894 3298 quae
918 3213 1032 3281 dividit
1053 3217 1135 3294 ollis,

333 3317 488 3395 „sensifer
510 3317 594 3382 unde
620 3319 721 3382 oritur
742 3318 882 3400 primum
903 3337 960 3402 per
981 3319 1103 3384 viseera
1124 3321 1260 3386 motus.“

179 3437 269 3502 Adde
285 3438 368 3520 quod
383 3435 436 3500 ΙΙΙ
451 3435 513 3501 402
528 3443 621 3520 poeta
635 3437 862 3520 philosophans
884 3439 1023 3522 eorporis
1037 3442 1144 3524 partes
1167 3461 1303 3526 eumque

179 3541 230 3604 his
264 3539 387 3603 animae
420 3543 527 3621 partes
563 3539 658 3605 avelli
688 3559 779 3623 posse
813 3541 905 3607 dooet
926 3541 994 3608 sine
1017 3543 1083 3608 ullo
1111 3544 1303 3610 detrimento

181 3631 250 3724 τῆς
289 3626 442 3728 ψυχῆς,
458 3661 531 3706 oum
546 3643 757 3709 nihilomiuus
773 3645 910 3709 bomoin
922 3645 987 3710 vita
998 3649 1170 3712 remaneat.
1199 3649 1301 3728 Quar-

181 3748 214 3808 ta
236 3747 344 3808 autem
367 3745 450 3808 tanti
465 3747 618 3811 momenti
641 3749 690 3810 est
705 3747 744 3810 ad
766 3747 874 3826 uitam,
898 3751 936 3812 nt
956 3749 1169 3815 vehementer
1184 3751 1302 3814 moveri

180 3866 244 3911 non
266 3846 375 3928 possit,
399 3847 516 3912 nedum
538 3852 645 3931 partes
668 3849 706 3913 ab
730 3868 766 3913 ea
789 3849 930 3916 abstrahi
953 3851 1093 3932 possint,
1117 3853 1194 3934 quin
1218 3872 1300 3916 mors

180 3952 352 4032 sequetur:
375 3948 518 4016 111254.
541 3951 581 4014 55

334 4056 391 4130 „ut
414 4052 496 4117 vitae
520 4053 603 4118 desit
624 4055 712 4118 loeus
736 4056 831 4135 atque
853 4054 971 4119 animai

334 4154 526 4238 „diffugiant
546 4160 652 4238 partes
674 4175 731 4239 per
753 4158 860 4222 oaulas
884 4157 1022 4239 eorporis
1046 4164 1184 4222 omnes‘.
